Time,Type,Volume,BestAsk,asksize,BestBid,bidsize
2016-06-23 09:30:00,3,139,717,10,715.11,100
2016-06-23 09:30:00,5,100,717,10,715.11,100
2016-06-23 09:30:00,1,50,715.5,50,715.11,100
2016-06-23 09:30:00,4,2,715.5,48,715.11,100
2016-06-23 09:30:00,4,48,715.8,15,715.11,100
2016-06-23 09:30:00,4,15,715.88,300,715.11,100
2016-06-23 09:30:00,5,100,715.88,300,715.11,100
2016-06-23 09:30:00,5,85,715.88,300,715.11,100
2016-06-23 09:30:00,5,2,715.88,300,715.11,100
2016-06-23 09:30:00,1,100,715.88,300,715.5,100
2016-06-23 09:30:00,1,100,715.88,300,715.5,200
2016-06-23 09:30:00,5,13,715.88,300,715.5,200
2016-06-23 09:30:00,5,100,715.88,300,715.5,200
2016-06-23 09:30:00,4,87,715.88,213,715.5,200
2016-06-23 09:30:00,4,100,715.88,113,715.5,200
2016-06-23 09:30:00,4,113,716,1680,715.5,200
2016-06-23 09:30:00,4,100,716,1580,715.5,200
2016-06-23 09:30:00,4,5,716,1575,715.5,200
2016-06-23 09:30:00,4,1,716,1574,715.5,200
2016-06-23 09:30:00,4,4,716,1570,715.5,200
2016-06-23 09:30:01,4,100,716,1470,715.5,200
2016-06-23 09:30:01,5,100,716,1470,715.5,200
2016-06-23 09:30:01,4,69,716,1470,715.5,131
2016-06-23 09:30:01,3,31,716,1470,715.5,100
2016-06-23 09:30:01,4,3,716,1470,715.5,97
2016-06-23 09:30:01,4,97,716,1470,715.11,100
2016-06-23 09:30:02,5,39,716,1470,715.11,100
2016-06-23 09:30:02,1,61,716,1470,715.5,61
2016-06-23 09:30:02,1,37,716,1470,715.5,98
2016-06-23 09:30:02,4,51,716,1470,715.5,47
2016-06-23 09:30:02,1,7,716,1470,715.5,54
2016-06-23 09:30:02,1,100,716,1470,715.5,154
2016-06-23 09:30:02,1,100,716,1470,715.5,254
2016-06-23 09:30:03,4,3,716,1470,715.5,251
2016-06-23 09:30:03,4,7,716,1470,715.5,244
2016-06-23 09:30:03,4,37,716,1470,715.5,207
2016-06-23 09:30:03,4,7,716,1470,715.5,200
2016-06-23 09:30:03,4,100,716,1470,715.5,100
2016-06-23 09:30:03,4,100,716,1470,715.11,100
2016-06-23 09:30:03,5,100,716,1470,715.11,100
2016-06-23 09:30:03,5,100,716,1470,715.11,100
2016-06-23 09:30:03,1,100,715.88,100,715.11,100
2016-06-23 09:30:03,4,100,716,1470,715.11,100
2016-06-23 09:30:03,4,145,716,1325,715.11,100
2016-06-23 09:30:03,4,100,716,1225,715.11,100
2016-06-23 09:30:03,4,100,716,1125,715.11,100
2016-06-23 09:30:03,4,51,716,1074,715.11,100
2016-06-23 09:30:03,4,20,716,1054,715.11,100
2016-06-23 09:30:03,4,29,716,1025,715.11,100
2016-06-23 09:30:03,4,11,716,1014,715.11,100
2016-06-23 09:30:03,4,11,716,1003,715.11,100
2016-06-23 09:30:03,4,3,716,1000,715.11,100
2016-06-23 09:30:03,4,175,716,825,715.11,100
2016-06-23 09:30:03,4,825,716.24,5,715.11,100
2016-06-23 09:30:03,4,5,716.26,700,715.11,100
2016-06-23 09:30:03,4,95,716.26,605,715.11,100
2016-06-23 09:30:03,5,100,716.26,605,715.11,100
2016-06-23 09:30:03,4,86,716.26,519,715.11,100
2016-06-23 09:30:03,4,19,716.26,500,715.11,100
2016-06-23 09:30:03,4,67,716.26,433,715.11,100
2016-06-23 09:30:03,4,433,716.5,26,715.11,100
2016-06-23 09:30:03,1,86,716.5,26,716.35,86
2016-06-23 09:30:03,1,86,716.5,26,716.35,172
2016-06-23 09:30:03,5,50,716.5,26,716.35,172
2016-06-23 09:30:03,5,50,716.5,26,716.35,172
2016-06-23 09:30:03,4,50,716.5,26,716.35,122
2016-06-23 09:30:03,4,36,716.5,26,716.35,86
2016-06-23 09:30:03,4,86,716.5,26,715.11,100
2016-06-23 09:30:06,5,100,716.5,26,715.11,100
2016-06-23 09:30:06,1,100,716.47,100,715.11,100
2016-06-23 09:30:06,3,100,716.5,26,715.11,100
2016-06-23 09:30:07,5,15,716.5,26,715.11,100
2016-06-23 09:30:07,5,85,716.5,26,715.11,100
2016-06-23 09:30:07,1,100,716.38,100,715.11,100
2016-06-23 09:30:08,1,1,716.38,100,715.41,1
2016-06-23 09:30:09,3,100,716.5,26,715.41,1
2016-06-23 09:30:09,1,100,716.38,100,715.41,1
2016-06-23 09:30:09,1,75,716,75,715.41,1
2016-06-23 09:30:10,4,1,716,75,715.11,100
2016-06-23 09:30:17,1,100,716,75,715.21,100
2016-06-23 09:30:17,1,100,715.99,100,715.21,100
2016-06-23 09:30:17,3,100,716,75,715.21,100
2016-06-23 09:30:17,5,156,716,75,715.21,100
2016-06-23 09:30:17,3,100,716,75,715.11,100
2016-06-23 09:30:18,5,1,716,75,715.11,100
2016-06-23 09:30:18,5,1,716,75,715.11,100
2016-06-23 09:30:18,1,1,716,75,715.19,1
2016-06-23 09:30:19,5,29,716,75,715.19,1
2016-06-23 09:30:21,5,100,716,75,715.19,1
2016-06-23 09:30:21,1,100,716,75,715.69,100
2016-06-23 09:30:21,4,100,716,75,715.19,1
2016-06-23 09:30:21,1,100,715.99,100,715.19,1
2016-06-23 09:30:21,1,240,715.92,240,715.19,1
2016-06-23 09:30:23,4,1,715.92,240,715.11,100
2016-06-23 09:30:23,4,100,715.92,240,715.1,27
2016-06-23 09:30:23,4,27,715.92,240,715.05,39
2016-06-23 09:30:23,4,39,715.92,240,715,59
2016-06-23 09:30:25,4,6,715.92,240,715,53
2016-06-23 09:30:25,4,5,715.92,240,715,48
2016-06-23 09:30:25,4,15,715.92,240,715,33
2016-06-23 09:30:25,4,1,715.92,240,715,32
2016-06-23 09:30:25,4,2,715.92,240,715,30
2016-06-23 09:30:25,4,5,715.92,240,715,25
2016-06-23 09:30:25,4,25,715.92,240,714.9,20
2016-06-23 09:30:25,4,20,715.92,240,714.77,7
2016-06-23 09:30:25,4,7,715.92,240,714.76,10
2016-06-23 09:30:25,4,10,715.92,240,714.74,1000
2016-06-23 09:30:25,4,83,715.92,240,714.74,917
2016-06-23 09:30:25,4,917,715.92,240,714.71,12
2016-06-23 09:30:25,4,9,715.92,240,714.71,3
2016-06-23 09:30:25,4,3,715.92,240,714.7,9
2016-06-23 09:30:25,4,6,715.92,240,714.7,3
2016-06-23 09:30:25,4,3,715.92,240,714.68,6
2016-06-23 09:30:25,4,6,715.92,240,714.67,7
2016-06-23 09:30:25,4,7,715.92,240,714.62,5
2016-06-23 09:30:25,4,3,715.92,240,714.62,2
2016-06-23 09:30:25,4,2,715.92,240,714.61,7
2016-06-23 09:30:25,4,3,715.92,240,714.61,4
2016-06-23 09:30:25,4,4,715.92,240,714.31,100
2016-06-23 09:30:26,1,100,715.92,240,714.5,100
2016-06-23 09:30:27,1,200,715.9,200,714.5,100
2016-06-23 09:30:27,1,100,715.9,300,714.5,100
2016-06-23 09:30:28,3,100,715.9,200,714.5,100
2016-06-23 09:30:28,3,200,715.92,240,714.5,100
2016-06-23 09:30:28,1,200,714.75,200,714.5,100
2016-06-23 09:30:28,4,100,714.75,200,714.31,100
2016-06-23 09:30:28,4,100,714.75,200,714.15,5
2016-06-23 09:30:29,1,100,714.75,300,714.15,5
2016-06-23 09:30:29,4,2,714.75,300,714.15,3
2016-06-23 09:30:29,1,100,714.74,100,714.15,3
2016-06-23 09:30:29,4,3,714.74,100,714,318
2016-06-23 09:30:29,4,2,714.74,100,714,316
2016-06-23 09:30:29,4,98,714.74,100,714,218
2016-06-23 09:30:29,4,2,714.74,100,714,216
2016-06-23 09:30:29,4,28,714.74,100,714,188
2016-06-23 09:30:29,4,6,714.74,100,714,182
2016-06-23 09:30:29,4,4,714.74,100,714,178
2016-06-23 09:30:29,4,28,714.74,100,714,150
2016-06-23 09:30:29,4,56,714.74,100,714,94
2016-06-23 09:30:29,4,34,714.74,100,714,60
2016-06-23 09:30:29,4,50,714.74,100,714,10
2016-06-23 09:30:29,4,10,714.74,100,713.7,42
2016-06-23 09:30:29,4,42,714.74,100,713.67,2
2016-06-23 09:30:29,4,2,714.74,100,713.5,100
2016-06-23 09:30:29,5,100,714.74,100,713.5,100
2016-06-23 09:30:29,4,56,714.74,100,713.5,44
2016-06-23 09:30:29,4,42,714.74,100,713.5,2
2016-06-23 09:30:30,1,10,714.74,100,713.98,10
2016-06-23 09:30:30,3,100,714.75,100,713.98,10
2016-06-23 09:30:31,3,100,715.47,240,713.98,10
2016-06-23 09:30:33,1,100,714,100,713.98,10
2016-06-23 09:30:33,4,100,715.47,240,713.98,10
2016-06-23 09:30:33,5,100,715.47,240,713.98,10
2016-06-23 09:30:33,5,76,715.47,240,713.98,10
2016-06-23 09:30:33,1,100,715.47,240,713.99,100
2016-06-23 09:30:33,5,100,715.47,240,713.99,100
2016-06-23 09:30:33,1,100,714,100,713.99,100
2016-06-23 09:30:33,3,100,714,100,713.98,10
2016-06-23 09:30:33,4,100,715.47,240,713.98,10
2016-06-23 09:30:33,5,24,715.47,240,713.98,10
2016-06-23 09:30:33,1,100,715.47,240,714,100
2016-06-23 09:30:33,1,100,715.47,240,714,200
2016-06-23 09:30:33,4,100,715.47,240,714,100
2016-06-23 09:30:33,4,100,715.47,240,713.98,10
2016-06-23 09:30:33,1,10,715.47,240,714,10
2016-06-23 09:30:34,3,10,715.47,240,713.98,10
2016-06-23 09:30:35,1,75,715,75,713.98,10
2016-06-23 09:30:38,1,240,714.7,240,713.98,10
2016-06-23 09:30:38,1,200,714.6,200,713.98,10
2016-06-23 09:30:39,3,200,714.7,240,713.98,10
2016-06-23 09:30:42,1,20,714.7,240,713.98,30
2016-06-23 09:30:42,3,20,714.7,240,713.98,10
2016-06-23 09:30:45,4,87,714.7,153,713.98,10
2016-06-23 09:30:45,4,50,714.7,103,713.98,10
2016-06-23 09:30:45,4,55,714.7,48,713.98,10
2016-06-23 09:30:45,4,48,715,75,713.98,10
2016-06-23 09:30:45,4,75,716,90,713.98,10
2016-06-23 09:30:45,1,57,716,90,714.63,57
2016-06-23 09:30:45,1,20,716,90,714.63,77
2016-06-23 09:30:50,1,100,716,90,714.64,100
2016-06-23 09:30:50,1,20,716,90,714.64,120
2016-06-23 09:30:53,3,100,716,90,714.64,20
2016-06-23 09:30:54,1,1300,715.99,1300,714.64,20
2016-06-23 09:30:58,3,20,715.99,1300,714.63,57
2016-06-23 09:30:58,1,20,715.99,1300,714.65,20
2016-06-23 09:30:59,3,1300,716,90,714.65,20
2016-06-23 09:30:59,1,100,715.81,100,714.65,20
2016-06-23 09:30:59,3,20,715.81,100,714.63,57
2016-06-23 09:30:59,1,20,715.81,100,714.66,20
2016-06-23 09:31:01,1,200,715.76,200,714.66,20
2016-06-23 09:31:02,1,100,715.76,200,715.02,100
2016-06-23 09:31:02,1,20,715.76,200,715.03,20
2016-06-23 09:31:02,3,200,716,90,715.03,20
2016-06-23 09:31:03,3,20,716,90,715.02,100
2016-06-23 09:31:03,1,20,716,90,715.04,20
2016-06-23 09:31:03,3,20,716,90,715.02,100
2016-06-23 09:31:03,5,100,716,90,715.02,100
2016-06-23 09:31:03,1,100,715.99,100,715.02,100
2016-06-23 09:31:03,5,6,715.99,100,715.02,100
2016-06-23 09:31:03,4,50,715.99,100,715.02,50
2016-06-23 09:31:03,4,50,715.99,100,714.63,57
2016-06-23 09:31:03,5,50,715.99,100,714.63,57
2016-06-23 09:31:03,4,57,715.99,100,714.6,100
2016-06-23 09:31:03,4,11,715.99,100,714.6,89
2016-06-23 09:31:05,4,89,715.99,100,713.98,10
2016-06-23 09:31:05,1,100,715.98,100,713.98,10
2016-06-23 09:31:06,1,500,715.72,500,713.98,10
2016-06-23 09:31:07,1,100,715.72,500,715,100
2016-06-23 09:31:07,4,100,715.72,500,713.98,10
2016-06-23 09:31:07,1,100,715.71,100,713.98,10
2016-06-23 09:31:07,1,21,715.71,100,714.51,21
2016-06-23 09:31:07,1,200,715.7,200,714.51,21
2016-06-23 09:31:08,4,21,715.7,200,713.98,10
2016-06-23 09:31:08,1,100,715.69,100,713.98,10
2016-06-23 09:31:10,1,1,715.69,100,714.34,1
2016-06-23 09:31:10,1,100,715.69,100,715,100
2016-06-23 09:31:10,4,21,715.69,100,715,79
2016-06-23 09:31:10,3,100,715.71,100,715,79
2016-06-23 09:31:10,4,79,715.71,100,714.34,1
2016-06-23 09:31:10,1,100,715.7,100,714.34,1
2016-06-23 09:31:11,1,1400,715.65,1400,714.34,1
2016-06-23 09:31:12,1,2,715.65,1400,715,2
2016-06-23 09:31:12,4,2,715.65,1400,714.34,1
2016-06-23 09:31:13,1,100,715.63,100,714.34,1
2016-06-23 09:31:14,3,100,715.65,1400,714.34,1
2016-06-23 09:31:15,1,100,715.62,100,714.34,1
2016-06-23 09:31:15,5,100,715.62,100,714.34,1
2016-06-23 09:31:15,1,100,715.61,100,714.34,1
2016-06-23 09:31:15,4,100,715.62,100,714.34,1
2016-06-23 09:31:15,3,100,715.65,1400,714.34,1
2016-06-23 09:31:15,1,30,715,30,714.34,1
2016-06-23 09:31:15,4,30,715.65,1400,714.34,1
2016-06-23 09:31:15,1,100,715.64,100,714.34,1
2016-06-23 09:31:15,1,14,715.64,100,715.5,14
2016-06-23 09:31:15,4,14,715.64,100,714.34,1
2016-06-23 09:31:16,1,400,715.63,400,714.34,1
2016-06-23 09:31:18,1,100,715.63,500,714.34,1
2016-06-23 09:31:19,3,100,715.63,400,714.34,1
2016-06-23 09:31:19,5,1,715.63,400,714.34,1
2016-06-23 09:31:19,1,100,715.62,100,714.34,1
2016-06-23 09:31:25,1,100,715.57,100,714.34,1
2016-06-23 09:31:25,1,100,715.56,100,714.34,1
2016-06-23 09:31:26,4,1,715.56,100,714.23,1
2016-06-23 09:31:26,4,1,715.56,100,713.98,10
2016-06-23 09:31:26,1,100,715.55,100,713.98,10
2016-06-23 09:31:28,5,50,715.55,100,713.98,10
2016-06-23 09:31:30,1,100,715,100,713.98,10
2016-06-23 09:31:32,3,100,715.55,100,713.98,10
2016-06-23 09:31:34,1,100,715.54,100,713.98,10
2016-06-23 09:31:34,1,100,715.53,100,713.98,10
2016-06-23 09:31:35,4,10,715.53,100,713.78,50
2016-06-23 09:31:35,1,100,715.52,100,713.78,50
2016-06-23 09:31:36,1,6,715.4,6,713.78,50
2016-06-23 09:31:36,1,1,715.39,1,713.78,50
2016-06-23 09:31:40,1,100,715.39,1,713.83,100
2016-06-23 09:31:41,3,100,715.39,1,713.78,50
2016-06-23 09:31:41,1,100,715.39,1,713.83,100
2016-06-23 09:31:43,4,100,715.39,1,713.78,50
2016-06-23 09:31:43,4,50,715.39,1,713.5,2
2016-06-23 09:31:50,1,100,715.38,100,713.5,2
2016-06-23 09:31:50,1,30,715,30,713.5,2
2016-06-23 09:31:51,1,100,714.99,100,713.5,2
2016-06-23 09:31:52,5,6,714.99,100,713.5,2
2016-06-23 09:31:52,3,100,715,30,713.5,2
2016-06-23 09:31:52,1,100,714.6,100,713.5,2
2016-06-23 09:31:55,1,100,714.44,100,713.5,2
2016-06-23 09:31:58,1,50,714.44,100,714,50
2016-06-23 09:32:00,5,50,714.44,100,714,50
2016-06-23 09:32:00,4,50,714.44,100,713.63,100
2016-06-23 09:32:00,1,100,714.43,100,713.63,100
2016-06-23 09:32:00,3,100,714.43,100,713.5,2
2016-06-23 09:32:00,3,100,714.6,100,713.5,2
2016-06-23 09:32:00,1,30,714.02,30,713.5,2
2016-06-23 09:32:00,4,30,714.6,100,713.5,2
2016-06-23 09:32:02,1,10,714.4,10,713.5,2
2016-06-23 09:32:03,1,100,714.4,110,713.5,2
2016-06-23 09:32:04,5,300,714.4,110,713.5,2
2016-06-23 09:32:06,3,10,714.4,100,713.5,2
2016-06-23 09:32:08,1,10,714.39,10,713.5,2
2016-06-23 09:32:11,4,5,714.39,5,713.5,2
2016-06-23 09:32:11,1,100,714.39,5,713.69,100
2016-06-23 09:32:11,1,100,714.39,5,713.69,200
2016-06-23 09:32:11,4,5,714.4,100,713.69,200
2016-06-23 09:32:11,4,100,714.6,100,713.69,200
2016-06-23 09:32:11,4,10,714.6,90,713.69,200
2016-06-23 09:32:11,4,50,714.6,40,713.69,200
2016-06-23 09:32:11,4,40,715,30,713.69,200
2016-06-23 09:32:11,1,100,714.6,100,713.69,200
2016-06-23 09:32:11,5,100,714.6,100,713.69,200
2016-06-23 09:32:11,5,100,714.6,100,713.69,200
2016-06-23 09:32:11,5,100,714.6,100,713.69,200
2016-06-23 09:32:11,5,100,714.6,100,713.69,200
2016-06-23 09:32:11,1,50,714,50,713.69,200
2016-06-23 09:32:11,4,50,714.6,100,713.69,200
2016-06-23 09:32:12,1,100,714.6,100,713.73,100
2016-06-23 09:32:12,1,20,714.6,100,713.73,120
2016-06-23 09:32:12,1,100,714.6,100,713.75,100
2016-06-23 09:32:12,1,100,714.6,100,713.75,200
2016-06-23 09:32:12,1,20,714.6,100,713.75,220
2016-06-23 09:32:12,3,20,714.6,100,713.75,200
2016-06-23 09:32:12,1,20,714.6,100,713.77,20
2016-06-23 09:32:13,3,20,714.6,100,713.75,200
2016-06-23 09:32:13,1,100,714.6,100,713.79,100
2016-06-23 09:32:13,1,20,714.6,100,713.79,120
2016-06-23 09:32:13,3,20,714.6,100,713.79,100
2016-06-23 09:32:13,1,20,714.6,100,713.8,20
2016-06-23 09:32:15,1,100,714.6,100,713.81,100
2016-06-23 09:32:15,4,100,715,30,713.81,100
2016-06-23 09:32:15,1,100,715,30,713.82,100
2016-06-23 09:32:15,1,100,714.6,100,713.82,100
2016-06-23 09:32:15,3,100,714.6,100,713.81,100
2016-06-23 09:32:16,3,100,715,30,713.81,100
2016-06-23 09:32:16,1,10,715,30,713.81,110
2016-06-23 09:32:16,1,200,714.93,200,713.81,110
2016-06-23 09:32:16,5,100,714.93,200,713.81,110
2016-06-23 09:32:16,5,100,714.93,200,713.81,110
2016-06-23 09:32:16,1,100,714,100,713.81,110
2016-06-23 09:32:16,4,100,714.93,200,713.81,110
2016-06-23 09:32:16,1,100,714.93,200,713.82,100
2016-06-23 09:32:16,1,100,714,100,713.82,100
2016-06-23 09:32:16,3,100,714,100,713.81,110
2016-06-23 09:32:16,4,60,714,40,713.81,110
2016-06-23 09:32:16,3,40,714.93,200,713.81,110
2016-06-23 09:32:16,3,200,715,30,713.81,110
2016-06-23 09:32:17,1,100,715,30,713.81,210
2016-06-23 09:32:20,3,100,715,30,713.81,110
2016-06-23 09:32:20,1,100,715,30,713.89,100
2016-06-23 09:32:20,1,100,715,30,713.89,200
2016-06-23 09:32:22,1,10,715,30,713.9,10
2016-06-23 09:32:22,1,50,714.2,50,713.9,10
2016-06-23 09:32:22,4,50,715,30,713.9,10
2016-06-23 09:32:22,1,100,715,30,713.91,100
2016-06-23 09:32:25,1,10,715,30,714.03,10
2016-06-23 09:32:26,3,10,715,30,713.91,100
2016-06-23 09:32:28,1,100,714.95,100,713.91,100
2016-06-23 09:32:29,1,10,714.95,100,714.09,10
2016-06-23 09:32:31,5,1,714.95,100,714.09,10
2016-06-23 09:32:31,5,99,714.95,100,714.09,10
2016-06-23 09:32:31,4,1,714.95,99,714.09,10
2016-06-23 09:32:31,1,100,714.95,99,714.1,100
2016-06-23 09:32:31,4,99,715,30,714.1,100
2016-06-23 09:32:32,1,100,715,30,714.14,100
2016-06-23 09:32:32,3,100,715,30,714.1,100
2016-06-23 09:32:32,1,100,715,30,714.15,100
2016-06-23 09:32:32,3,100,715,30,714.1,100
2016-06-23 09:32:32,1,100,715,30,714.16,100
2016-06-23 09:32:32,3,100,715,30,714.1,100
2016-06-23 09:32:32,1,100,715,30,714.17,100
2016-06-23 09:32:32,3,100,715,30,714.1,100
2016-06-23 09:32:32,1,100,715,30,714.18,100
2016-06-23 09:32:32,3,100,715,30,714.1,100
2016-06-23 09:32:32,1,100,715,30,714.19,100
2016-06-23 09:32:32,3,100,715,30,714.1,100
2016-06-23 09:32:32,1,100,715,30,714.2,100
2016-06-23 09:32:32,3,100,715,30,714.1,100
2016-06-23 09:32:32,1,100,715,30,714.21,100
2016-06-23 09:32:32,3,100,715,30,714.1,100
2016-06-23 09:32:32,1,100,715,30,714.22,100
2016-06-23 09:32:33,3,100,715,30,714.1,100
2016-06-23 09:32:33,4,30,715.63,100,714.1,100
2016-06-23 09:32:33,5,23,715.63,100,714.1,100
2016-06-23 09:32:33,5,77,715.63,100,714.1,100
2016-06-23 09:32:33,5,23,715.63,100,714.1,100
2016-06-23 09:32:33,5,77,715.63,100,714.1,100
2016-06-23 09:32:33,5,23,715.63,100,714.1,100
2016-06-23 09:32:33,4,77,715.63,23,714.1,100
2016-06-23 09:32:33,4,23,715.71,100,714.1,100
2016-06-23 09:32:33,4,100,715.88,100,714.1,100
2016-06-23 09:32:33,1,100,715.88,100,714.6,100
2016-06-23 09:32:35,1,10,715.88,100,714.62,10
2016-06-23 09:32:37,1,50,715.88,100,715.5,50
2016-06-23 09:32:37,4,50,715.88,100,714.62,10
2016-06-23 09:32:38,1,100,715.88,100,714.64,100
2016-06-23 09:32:38,1,1,715.88,100,714.9,1
2016-06-23 09:32:38,1,100,715.88,100,714.91,100
2016-06-23 09:32:39,3,100,715.88,100,714.9,1
2016-06-23 09:32:40,1,100,715.88,100,714.93,100
2016-06-23 09:32:40,3,100,715.88,100,714.9,1
2016-06-23 09:32:40,1,100,715.88,100,715.16,100
2016-06-23 09:32:40,1,100,715.88,100,715.16,200
2016-06-23 09:32:40,5,100,715.88,100,715.16,200
2016-06-23 09:32:40,4,100,716,190,715.16,200
2016-06-23 09:32:40,1,100,716,190,715.17,100
2016-06-23 09:32:40,1,100,715.88,100,715.17,100
2016-06-23 09:32:40,4,81,715.88,19,715.17,100
2016-06-23 09:32:40,1,100,715.88,119,715.17,100
2016-06-23 09:32:40,4,19,715.88,100,715.17,100
2016-06-23 09:32:40,4,81,715.88,19,715.17,100
2016-06-23 09:32:40,1,100,715.88,119,715.17,100
2016-06-23 09:32:40,4,19,715.88,100,715.17,100
2016-06-23 09:32:40,4,81,715.88,19,715.17,100
2016-06-23 09:32:40,1,100,715.88,119,715.17,100
2016-06-23 09:32:40,1,100,715.88,119,715.22,100
2016-06-23 09:32:40,1,100,715.88,119,715.22,200
2016-06-23 09:32:41,1,100,715.88,119,715.23,100
2016-06-23 09:32:42,3,100,715.88,119,715.22,200
2016-06-23 09:32:42,3,100,715.88,119,715.22,100
2016-06-23 09:32:42,3,100,715.88,119,715.17,100
2016-06-23 09:32:42,1,10,715.88,119,715.23,10
2016-06-23 09:32:42,1,100,715.88,119,715.28,100
2016-06-23 09:32:43,1,100,715.88,119,715.31,100
2016-06-23 09:32:43,1,1,715.88,119,715.39,1
2016-06-23 09:32:43,3,100,715.88,19,715.39,1
2016-06-23 09:32:43,3,19,716,190,715.39,1
2016-06-23 09:32:43,1,10,716,190,715.41,10
2016-06-23 09:32:44,1,100,716,190,715.44,100
2016-06-23 09:32:44,3,100,716,190,715.41,10
2016-06-23 09:32:44,1,100,716,190,715.46,100
2016-06-23 09:32:44,1,100,716,190,715.46,200
2016-06-23 09:32:44,1,100,716,190,715.46,300
2016-06-23 09:32:44,3,100,716,190,715.46,200
2016-06-23 09:32:44,1,100,716,190,715.48,100
2016-06-23 09:32:44,3,100,716,190,715.46,200
2016-06-23 09:32:44,1,100,716,190,715.49,100
2016-06-23 09:32:44,3,100,716,190,715.46,200
2016-06-23 09:32:44,1,100,716,190,715.5,100
2016-06-23 09:32:45,3,100,716,190,715.46,200
2016-06-23 09:32:45,3,100,716,190,715.46,100
2016-06-23 09:32:45,3,100,716,190,715.41,10
2016-06-23 09:32:45,1,100,716,190,715.52,100
2016-06-23 09:32:46,3,100,716,190,715.39,1
2016-06-23 09:32:46,1,10,716,190,715.57,10
2016-06-23 09:32:47,1,100,716,190,715.64,100
2016-06-23 09:32:47,1,100,716,190,715.64,200
2016-06-23 09:32:47,3,100,716,190,715.64,100
2016-06-23 09:32:47,1,100,716,190,715.65,100
2016-06-23 09:32:47,3,100,716,190,715.64,100
2016-06-23 09:32:47,1,100,716,190,715.66,100
2016-06-23 09:32:48,5,100,716,190,715.66,100
2016-06-23 09:32:48,4,50,716,190,715.66,50
2016-06-23 09:32:48,4,50,716,190,715.64,100
2016-06-23 09:32:48,4,50,716,190,715.64,50
2016-06-23 09:32:48,4,50,716,190,715.39,1
2016-06-23 09:32:48,5,50,716,190,715.39,1
2016-06-23 09:32:48,1,100,716,190,715.64,100
2016-06-23 09:32:48,4,100,716,190,715.39,1
2016-06-23 09:32:48,5,100,716,190,715.39,1
2016-06-23 09:32:48,1,100,716,190,715.64,100
2016-06-23 09:32:48,4,100,716,190,715.39,1
2016-06-23 09:32:48,1,100,716,190,715.64,100
2016-06-23 09:32:48,4,100,716,190,715.39,1
2016-06-23 09:32:48,5,100,716,190,715.39,1
2016-06-23 09:32:48,1,50,716,190,715.64,50
2016-06-23 09:32:48,4,50,716,190,715.39,1
2016-06-23 09:32:48,4,1,716,190,715.17,100
2016-06-23 09:32:48,1,100,715.87,100,715.17,100
2016-06-23 09:32:48,3,100,715.87,100,714.9,1
2016-06-23 09:32:49,1,10,715.43,10,714.9,1
2016-06-23 09:32:52,1,1,715.43,10,714.98,1
2016-06-23 09:32:54,1,100,715.3,100,714.98,1
2016-06-23 09:32:54,3,100,716,190,714.98,1
2016-06-23 09:32:54,5,1,716,190,714.98,1
2016-06-23 09:32:55,4,1,716,190,714.97,1
2016-06-23 09:32:55,5,6,716,190,714.97,1
2016-06-23 09:32:55,4,1,716,190,714.9,1
2016-06-23 09:32:55,4,1,716,190,714.89,1
2016-06-23 09:32:55,4,1,716,190,714.25,15
2016-06-23 09:32:55,1,10,716,190,714.62,10
2016-06-23 09:32:56,3,10,716,190,714.25,15
2016-06-23 09:33:04,1,2,715.2,2,714.25,15
2016-06-23 09:33:07,5,100,715.2,2,714.25,15
2016-06-23 09:33:07,5,100,715.2,2,714.25,15
2016-06-23 09:33:07,5,15,715.2,2,714.25,15
2016-06-23 09:33:07,3,15,715.2,2,714.17,100
2016-06-23 09:33:07,1,10,715.2,2,714.17,110
2016-06-23 09:33:10,5,100,715.2,2,714.17,110
2016-06-23 09:33:13,5,10,715.2,2,714.17,110
2016-06-23 09:33:19,1,1,715.2,2,714.17,111
2016-06-23 09:33:21,1,13,715.2,2,714.3,13
2016-06-23 09:33:23,1,1,715.2,2,714.3,14
2016-06-23 09:33:36,1,10,714.97,10,714.3,14
2016-06-23 09:33:43,3,10,715,32,714.3,14
2016-06-23 09:33:46,5,14,715,32,714.3,14
2016-06-23 09:33:46,4,13,715,32,714.3,1
2016-06-23 09:33:46,4,1,715,32,714.29,12
2016-06-23 09:33:46,5,56,715,32,714.29,12
2016-06-23 09:33:46,4,12,715,32,714.15,10
2016-06-23 09:33:46,1,100,715,32,714.3,100
2016-06-23 09:33:48,4,9,715,32,714.3,91
2016-06-23 09:33:48,1,100,715,32,714.3,191
2016-06-23 09:33:48,4,8,715,32,714.3,183
2016-06-23 09:33:50,1,10,715,32,714.3,193
2016-06-23 09:33:53,1,100,715,32,714.32,100
2016-06-23 09:33:53,3,100,715,32,714.3,193
2016-06-23 09:33:53,1,100,715,32,714.33,100
2016-06-23 09:33:55,1,10,715,32,714.33,110
2016-06-23 09:33:55,3,100,715,32,714.33,10
2016-06-23 09:33:56,1,100,715,32,714.33,110
2016-06-23 09:33:56,3,100,715,32,714.33,10
2016-06-23 09:33:58,1,1,715,32,714.55,1
2016-06-23 09:33:58,4,1,715,32,714.33,10
2016-06-23 09:33:58,1,70,715,32,714.4,70
2016-06-23 09:33:59,1,100,715,32,714.41,100
2016-06-23 09:33:59,3,100,715,32,714.4,70
2016-06-23 09:34:00,1,1,715,32,714.46,1
2016-06-23 09:34:02,4,1,715,32,714.33,10
2016-06-23 09:34:02,5,10,715,32,714.33,10
2016-06-23 09:34:02,1,100,715,32,714.41,100
2016-06-23 09:34:02,3,100,715,32,714.33,10
2016-06-23 09:34:03,1,100,715,32,714.34,100
2016-06-23 09:34:03,1,100,715,32,714.39,100
2016-06-23 09:34:03,4,100,715,32,714.34,100
2016-06-23 09:34:03,3,100,715,32,714.33,10
2016-06-23 09:34:05,3,10,715,32,713.98,5
2016-06-23 09:34:06,1,1,715,32,714.66,1
2016-06-23 09:34:06,4,1,715,32,713.98,5
2016-06-23 09:34:09,1,10,715,32,714.39,10
2016-06-23 09:34:11,1,100,714.7,100,714.39,10
2016-06-23 09:34:17,4,10,714.7,100,713.98,5
2016-06-23 09:34:17,1,100,714.7,100,714.02,100
2016-06-23 09:34:17,3,100,714.7,100,713.98,5
2016-06-23 09:34:18,1,100,714.7,100,714.1,100
2016-06-23 09:34:18,3,100,714.7,100,713.98,5
2016-06-23 09:34:18,1,100,714.7,100,714.1,100
2016-06-23 09:34:24,1,100,714.7,100,714.1,200
2016-06-23 09:34:28,5,21,714.7,100,714.1,200
2016-06-23 09:34:28,1,100,714.7,200,714.1,200
2016-06-23 09:34:29,1,100,714.7,200,714.11,100
2016-06-23 09:34:33,5,100,714.7,200,714.11,100
2016-06-23 09:34:40,5,12,714.7,200,714.11,100
2016-06-23 09:34:40,5,79,714.7,200,714.11,100
2016-06-23 09:34:40,4,100,714.7,100,714.11,100
2016-06-23 09:34:40,4,9,714.7,91,714.11,100
2016-06-23 09:34:40,1,100,714.7,91,714.12,100
2016-06-23 09:34:40,4,91,715,32,714.12,100
2016-06-23 09:34:40,1,100,715,32,714.13,100
2016-06-23 09:34:40,3,100,715,32,714.12,100
2016-06-23 09:34:40,4,2,715,30,714.12,100
2016-06-23 09:34:40,4,3,715,27,714.12,100
2016-06-23 09:34:40,4,27,715.31,100,714.12,100
2016-06-23 09:34:40,5,100,715.31,100,714.12,100
2016-06-23 09:34:40,1,100,715.31,100,714.28,100
2016-06-23 09:34:40,1,100,715,100,714.28,100
2016-06-23 09:34:40,5,100,715,100,714.28,100
2016-06-23 09:34:40,3,100,715.31,100,714.28,100
2016-06-23 09:34:40,1,100,715.31,100,714.28,200
2016-06-23 09:34:40,1,100,715.31,100,714.28,300
2016-06-23 09:34:41,1,100,715.21,100,714.28,300
2016-06-23 09:34:41,1,100,715.2,100,714.28,300
2016-06-23 09:34:44,1,100,715.2,100,714.31,100
2016-06-23 09:34:47,1,1,715.2,100,714.61,1
2016-06-23 09:34:50,1,5,715.2,100,715,5
2016-06-23 09:34:50,4,5,715.2,100,714.61,1
2016-06-23 09:34:57,1,100,715.19,100,714.61,1
2016-06-23 09:35:02,1,100,715.19,100,714.61,101
2016-06-23 09:35:02,3,100,715.19,100,714.61,1
2016-06-23 09:35:02,1,100,715.19,100,714.62,100
2016-06-23 09:35:02,5,100,715.19,100,714.62,100
2016-06-23 09:35:02,5,85,715.19,100,714.62,100
2016-06-23 09:35:02,5,1,715.19,100,714.62,100
2016-06-23 09:35:02,4,100,715.19,100,714.61,1
2016-06-23 09:35:02,5,100,715.19,100,714.61,1
2016-06-23 09:35:03,3,100,715.31,100,714.61,1
2016-06-23 09:35:12,5,1,715.31,100,714.61,1
2016-06-23 09:35:12,4,1,715.31,100,714.5,40
2016-06-23 09:35:12,1,100,715.31,100,714.6,100
2016-06-23 09:35:13,1,100,715.3,100,714.6,100
2016-06-23 09:35:13,3,100,715.3,100,714.5,40
2016-06-23 09:35:16,5,1,715.3,100,714.5,40
2016-06-23 09:35:16,4,39,715.3,100,714.5,1
2016-06-23 09:35:16,4,1,715.3,100,714.12,100
2016-06-23 09:35:16,5,100,715.3,100,714.12,100
2016-06-23 09:35:17,1,100,715.3,100,714.31,100
2016-06-23 09:35:20,1,110,714.99,110,714.31,100
2016-06-23 09:35:21,1,450,714.5,450,714.31,100
2016-06-23 09:35:22,4,50,714.5,400,714.31,100
2016-06-23 09:35:22,4,100,714.5,300,714.31,100
2016-06-23 09:35:22,4,101,714.5,199,714.31,100
2016-06-23 09:35:22,4,160,714.5,39,714.31,100
2016-06-23 09:35:22,4,39,714.99,110,714.31,100
2016-06-23 09:35:22,1,100,714.99,110,714.32,100
2016-06-23 09:35:22,5,100,714.99,110,714.32,100
2016-06-23 09:35:22,1,100,714.99,110,714.33,100
2016-06-23 09:35:28,3,100,714.99,110,714.1,18
2016-06-23 09:35:28,1,10,714.92,10,714.1,18
2016-06-23 09:35:31,1,2,714.9,2,714.1,18
2016-06-23 09:35:31,1,70,714.68,70,714.1,18
2016-06-23 09:35:31,1,30,714.68,100,714.1,18
2016-06-23 09:35:31,3,70,714.68,30,714.1,18
2016-06-23 09:35:31,3,30,714.9,2,714.1,18
2016-06-23 09:35:31,1,70,714.68,70,714.1,18
2016-06-23 09:35:31,1,30,714.68,100,714.1,18
2016-06-23 09:35:31,3,70,714.68,30,714.1,18
2016-06-23 09:35:31,3,30,714.9,2,714.1,18
2016-06-23 09:35:31,1,70,714.68,70,714.1,18
2016-06-23 09:35:31,1,30,714.68,100,714.1,18
2016-06-23 09:35:31,3,70,714.68,30,714.1,18
2016-06-23 09:35:31,3,30,714.9,2,714.1,18
2016-06-23 09:35:31,1,70,714.68,70,714.1,18
2016-06-23 09:35:31,1,30,714.68,100,714.1,18
2016-06-23 09:35:31,3,70,714.68,30,714.1,18
2016-06-23 09:35:31,3,30,714.9,2,714.1,18
2016-06-23 09:35:31,1,70,714.68,70,714.1,18
2016-06-23 09:35:31,1,30,714.68,100,714.1,18
2016-06-23 09:35:31,3,70,714.68,30,714.1,18
2016-06-23 09:35:31,3,30,714.9,2,714.1,18
2016-06-23 09:35:31,1,70,714.68,70,714.1,18
2016-06-23 09:35:31,1,30,714.68,100,714.1,18
2016-06-23 09:35:31,3,70,714.68,30,714.1,18
2016-06-23 09:35:31,3,30,714.9,2,714.1,18
2016-06-23 09:35:31,1,70,714.68,70,714.1,18
2016-06-23 09:35:31,1,30,714.68,100,714.1,18
2016-06-23 09:35:31,3,70,714.68,30,714.1,18
2016-06-23 09:35:31,3,30,714.9,2,714.1,18
2016-06-23 09:35:31,1,70,714.68,70,714.1,18
2016-06-23 09:35:31,1,30,714.68,100,714.1,18
2016-06-23 09:35:31,3,70,714.68,30,714.1,18
2016-06-23 09:35:31,3,30,714.9,2,714.1,18
2016-06-23 09:35:31,1,70,714.68,70,714.1,18
2016-06-23 09:35:31,1,30,714.68,100,714.1,18
2016-06-23 09:35:31,3,70,714.68,30,714.1,18
2016-06-23 09:35:31,3,30,714.9,2,714.1,18
2016-06-23 09:35:31,1,70,714.68,70,714.1,18
2016-06-23 09:35:31,1,30,714.68,100,714.1,18
2016-06-23 09:35:31,3,70,714.68,30,714.1,18
2016-06-23 09:35:31,3,30,714.9,2,714.1,18
2016-06-23 09:35:31,1,70,714.68,70,714.1,18
2016-06-23 09:35:31,1,30,714.68,100,714.1,18
2016-06-23 09:35:31,3,70,714.68,30,714.1,18
2016-06-23 09:35:31,3,30,714.9,2,714.1,18
2016-06-23 09:35:31,1,70,714.68,70,714.1,18
2016-06-23 09:35:31,1,30,714.68,100,714.1,18
2016-06-23 09:35:31,3,70,714.68,30,714.1,18
2016-06-23 09:35:31,3,30,714.9,2,714.1,18
2016-06-23 09:35:31,1,70,714.68,70,714.1,18
2016-06-23 09:35:31,1,30,714.68,100,714.1,18
2016-06-23 09:35:31,3,70,714.68,30,714.1,18
2016-06-23 09:35:31,3,30,714.9,2,714.1,18
2016-06-23 09:35:31,1,70,714.68,70,714.1,18
2016-06-23 09:35:31,1,30,714.68,100,714.1,18
2016-06-23 09:35:31,3,70,714.68,30,714.1,18
2016-06-23 09:35:31,3,30,714.9,2,714.1,18
2016-06-23 09:35:31,1,70,714.68,70,714.1,18
2016-06-23 09:35:31,1,30,714.68,100,714.1,18
2016-06-23 09:35:31,3,70,714.68,30,714.1,18
2016-06-23 09:35:31,3,30,714.9,2,714.1,18
2016-06-23 09:35:31,1,70,714.68,70,714.1,18
2016-06-23 09:35:31,1,30,714.68,100,714.1,18
2016-06-23 09:35:31,3,70,714.68,30,714.1,18
2016-06-23 09:35:31,3,30,714.9,2,714.1,18
2016-06-23 09:35:31,1,70,714.68,70,714.1,18
2016-06-23 09:35:31,1,30,714.68,100,714.1,18
2016-06-23 09:35:31,3,70,714.68,30,714.1,18
2016-06-23 09:35:31,3,30,714.9,2,714.1,18
2016-06-23 09:35:31,1,70,714.68,70,714.1,18
2016-06-23 09:35:31,1,30,714.68,100,714.1,18
2016-06-23 09:35:31,3,70,714.68,30,714.1,18
2016-06-23 09:35:31,3,30,714.9,2,714.1,18
2016-06-23 09:35:31,1,70,714.68,70,714.1,18
2016-06-23 09:35:31,1,30,714.68,100,714.1,18
2016-06-23 09:35:31,3,70,714.68,30,714.1,18
2016-06-23 09:35:31,3,30,714.9,2,714.1,18
2016-06-23 09:35:31,1,70,714.68,70,714.1,18
2016-06-23 09:35:31,1,30,714.68,100,714.1,18
2016-06-23 09:35:31,3,70,714.68,30,714.1,18
2016-06-23 09:35:31,3,30,714.9,2,714.1,18
2016-06-23 09:35:32,1,70,714.68,70,714.1,18
2016-06-23 09:35:32,1,30,714.68,100,714.1,18
2016-06-23 09:35:32,3,70,714.68,30,714.1,18
2016-06-23 09:35:32,3,30,714.9,2,714.1,18
2016-06-23 09:35:32,1,70,714.68,70,714.1,18
2016-06-23 09:35:32,1,30,714.68,100,714.1,18
2016-06-23 09:35:32,3,70,714.68,30,714.1,18
2016-06-23 09:35:32,3,30,714.9,2,714.1,18
2016-06-23 09:35:32,1,70,714.68,70,714.1,18
2016-06-23 09:35:32,1,30,714.68,100,714.1,18
2016-06-23 09:35:32,3,70,714.68,30,714.1,18
2016-06-23 09:35:32,3,30,714.9,2,714.1,18
2016-06-23 09:35:32,1,70,714.68,70,714.1,18
2016-06-23 09:35:32,1,30,714.68,100,714.1,18
2016-06-23 09:35:32,3,70,714.68,30,714.1,18
2016-06-23 09:35:32,3,30,714.9,2,714.1,18
2016-06-23 09:35:32,1,70,714.68,70,714.1,18
2016-06-23 09:35:32,1,30,714.68,100,714.1,18
2016-06-23 09:35:32,3,70,714.68,30,714.1,18
2016-06-23 09:35:32,3,30,714.9,2,714.1,18
2016-06-23 09:35:32,1,70,714.68,70,714.1,18
2016-06-23 09:35:32,1,30,714.68,100,714.1,18
2016-06-23 09:35:32,3,70,714.68,30,714.1,18
2016-06-23 09:35:32,3,30,714.9,2,714.1,18
2016-06-23 09:35:32,1,70,714.68,70,714.1,18
2016-06-23 09:35:32,1,30,714.68,100,714.1,18
2016-06-23 09:35:32,3,70,714.68,30,714.1,18
2016-06-23 09:35:32,3,30,714.9,2,714.1,18
2016-06-23 09:35:32,1,70,714.68,70,714.1,18
2016-06-23 09:35:32,1,30,714.68,100,714.1,18
2016-06-23 09:35:32,3,70,714.68,30,714.1,18
2016-06-23 09:35:32,3,30,714.9,2,714.1,18
2016-06-23 09:35:32,1,70,714.68,70,714.1,18
2016-06-23 09:35:32,1,30,714.68,100,714.1,18
2016-06-23 09:35:32,3,70,714.68,30,714.1,18
2016-06-23 09:35:32,3,30,714.9,2,714.1,18
2016-06-23 09:35:32,1,70,714.68,70,714.1,18
2016-06-23 09:35:32,1,30,714.68,100,714.1,18
2016-06-23 09:35:45,1,55,714.68,100,714.32,55
2016-06-23 09:35:47,3,70,714.68,30,714.32,55
2016-06-23 09:35:47,3,30,714.93,100,714.32,55
2016-06-23 09:35:47,3,100,714.99,110,714.32,55
2016-06-23 09:35:49,5,7,714.99,110,714.32,55
2016-06-23 09:35:49,4,55,714.99,110,714.1,18
2016-06-23 09:35:55,1,50,714.99,110,714.38,50
2016-06-23 09:35:55,3,50,714.99,110,714.1,18
2016-06-23 09:35:57,1,25,714.99,110,714.38,25
2016-06-23 09:35:57,3,25,714.99,110,714.1,18
2016-06-23 09:35:58,1,100,714.67,100,714.1,18
2016-06-23 09:35:59,3,100,714.99,110,714.1,18
2016-06-23 09:35:59,1,100,714.99,110,714.13,100
2016-06-23 09:36:00,1,100,714.63,100,714.13,100
2016-06-23 09:36:01,4,50,714.63,100,714.13,50
2016-06-23 09:36:01,4,50,714.63,100,714.1,18
2016-06-23 09:36:01,1,100,714.63,100,714.13,100
2016-06-23 09:36:02,5,100,714.63,100,714.13,100
2016-06-23 09:36:02,5,4,714.63,100,714.13,100
2016-06-23 09:36:03,3,100,714.99,110,714.13,100
2016-06-23 09:36:04,1,100,714.63,100,714.13,100
2016-06-23 09:36:05,5,1,714.63,100,714.13,100
2016-06-23 09:36:05,1,1,714.63,100,714.32,1
2016-06-23 09:36:05,4,1,714.63,100,714.13,100
2016-06-23 09:36:05,3,100,714.63,100,714.1,18
2016-06-23 09:36:08,1,250,714.6,250,714.1,18
2016-06-23 09:36:10,5,1,714.6,250,714.1,18
2016-06-23 09:36:11,1,50,714.13,50,714.1,18
2016-06-23 09:36:11,4,50,714.6,250,714.1,18
2016-06-23 09:36:11,4,18,714.6,250,714.01,100
2016-06-23 09:36:12,1,100,714.6,250,714.02,100
2016-06-23 09:36:12,1,100,714.6,250,714.03,100
2016-06-23 09:36:12,1,1,714.6,250,714.27,1
2016-06-23 09:36:16,1,100,714.6,250,714.29,100
2016-06-23 09:36:17,3,100,714.6,250,714.27,1
2016-06-23 09:36:17,1,100,714.6,250,714.31,100
2016-06-23 09:36:17,1,100,714.6,250,714.32,100
2016-06-23 09:36:17,1,100,714.6,250,714.33,100
2016-06-23 09:36:17,1,100,714.6,250,714.34,100
2016-06-23 09:36:17,1,1,714.6,250,714.44,1
2016-06-23 09:36:17,4,1,714.6,250,714.34,100
2016-06-23 09:36:17,3,100,714.6,250,714.33,100
2016-06-23 09:36:17,1,100,714.6,250,714.34,100
2016-06-23 09:36:17,3,100,714.6,250,714.33,100
2016-06-23 09:36:17,3,100,714.6,250,714.27,1
2016-06-23 09:36:17,1,100,714.6,250,714.34,100
2016-06-23 09:36:17,3,100,714.6,250,714.27,1
2016-06-23 09:36:17,1,100,714.6,250,714.35,100
2016-06-23 09:36:18,1,25,714.5,25,714.35,100
2016-06-23 09:36:18,4,100,714.5,25,714.27,1
2016-06-23 09:36:18,5,100,714.5,25,714.27,1
2016-06-23 09:36:18,4,1,714.5,25,714.2,200
2016-06-23 09:36:18,1,100,714.5,25,714.21,100
2016-06-23 09:36:21,5,1,714.5,25,714.21,100
2016-06-23 09:36:23,4,49,714.5,25,714.21,51
2016-06-23 09:36:23,4,51,714.5,25,714.2,200
2016-06-23 09:36:23,5,100,714.5,25,714.2,200
2016-06-23 09:36:23,4,100,714.5,25,714.2,100
2016-06-23 09:36:23,4,100,714.5,25,714.03,100
2016-06-23 09:36:23,3,100,714.5,25,714,38
2016-06-23 09:36:23,1,100,714.5,25,714,138
2016-06-23 09:36:23,3,25,714.6,250,714,138
2016-06-23 09:36:31,1,10,714.6,250,714.31,10
2016-06-23 09:36:31,5,100,714.6,250,714.31,10
2016-06-23 09:36:31,5,10,714.6,250,714.31,10
2016-06-23 09:36:31,1,100,714.59,100,714.31,10
2016-06-23 09:36:31,5,9,714.59,100,714.31,10
2016-06-23 09:36:31,5,7,714.59,100,714.31,10
2016-06-23 09:36:31,5,12,714.59,100,714.31,10
2016-06-23 09:36:31,3,100,714.6,250,714.31,10
2016-06-23 09:36:31,5,100,714.6,250,714.31,10
2016-06-23 09:36:31,5,10,714.6,250,714.31,10
2016-06-23 09:36:31,4,90,714.6,160,714.31,10
2016-06-23 09:36:31,1,100,714.6,160,714.32,100
2016-06-23 09:36:31,4,100,714.6,60,714.32,100
2016-06-23 09:36:31,4,60,714.99,110,714.32,100
2016-06-23 09:36:31,1,100,714.99,110,714.59,100
2016-06-23 09:36:31,4,100,714.99,110,714.32,100
2016-06-23 09:36:31,1,500,714.73,500,714.32,100
2016-06-23 09:36:31,3,500,714.99,110,714.32,100
2016-06-23 09:36:31,5,33,714.99,110,714.32,100
2016-06-23 09:36:31,5,100,714.99,110,714.32,100
2016-06-23 09:36:31,1,100,714.99,110,714.32,200
2016-06-23 09:36:32,1,100,714.99,110,714.33,100
2016-06-23 09:36:32,3,100,714.99,110,714.32,200
2016-06-23 09:36:32,1,100,714.99,110,714.34,100
2016-06-23 09:36:32,3,100,714.99,110,714.32,200
2016-06-23 09:36:32,1,100,714.99,110,714.35,100
2016-06-23 09:36:32,3,100,714.99,110,714.32,200
2016-06-23 09:36:32,1,100,714.99,110,714.36,100
2016-06-23 09:36:32,3,100,714.99,110,714.32,200
2016-06-23 09:36:32,1,100,714.99,110,714.37,100
2016-06-23 09:36:38,3,100,714.99,110,714.32,100
2016-06-23 09:36:41,1,100,714.99,110,714.33,100
2016-06-23 09:36:43,1,100,714.99,110,714.34,100
2016-06-23 09:36:43,1,100,714.99,110,714.35,100
2016-06-23 09:36:44,1,100,714.99,110,714.49,100
2016-06-23 09:36:44,1,24,714.99,110,714.49,124
2016-06-23 09:36:46,3,100,714.99,110,714.49,24
2016-06-23 09:36:48,5,100,714.99,110,714.49,24
2016-06-23 09:36:48,1,10,714.82,10,714.49,24
2016-06-23 09:36:48,4,10,714.99,110,714.49,24
2016-06-23 09:36:51,3,24,714.99,110,714.34,100
2016-06-23 09:36:51,1,24,714.99,110,714.55,24
2016-06-23 09:36:52,5,100,714.99,110,714.55,24
2016-06-23 09:36:52,1,10,714.99,110,714.96,10
2016-06-23 09:36:52,5,1,714.99,110,714.96,10
2016-06-23 09:36:52,4,99,714.99,11,714.96,10
2016-06-23 09:36:52,4,11,715.16,100,714.96,10
2016-06-23 09:36:52,3,10,715.16,100,714.56,100
2016-06-23 09:36:52,1,100,715.16,100,714.57,100
2016-06-23 09:36:52,5,100,715.16,100,714.57,100
2016-06-23 09:36:52,4,100,715.42,100,714.57,100
2016-06-23 09:36:52,3,100,715.5,700,714.57,100
2016-06-23 09:36:52,1,24,715.5,700,715,24
2016-06-23 09:36:52,1,100,715.5,700,715,124
2016-06-23 09:36:52,3,100,715.5,700,715,24
2016-06-23 09:36:52,1,100,715.5,700,715,124
2016-06-23 09:36:55,1,100,715.5,700,715.01,100
2016-06-23 09:36:55,1,100,715.5,700,715.02,100
2016-06-23 09:36:55,5,100,715.5,700,715.02,100
2016-06-23 09:36:55,5,75,715.5,700,715.02,100
2016-06-23 09:36:55,5,25,715.5,700,715.02,100
2016-06-23 09:36:55,5,100,715.5,700,715.02,100
2016-06-23 09:36:55,5,75,715.5,700,715.02,100
2016-06-23 09:36:55,1,100,715.5,700,715.03,100
2016-06-23 09:36:55,1,100,715.5,800,715.03,100
2016-06-23 09:36:57,3,100,715.5,800,715.02,100
2016-06-23 09:36:57,5,100,715.5,800,715.02,100
2016-06-23 09:36:57,5,190,715.5,800,715.02,100
2016-06-23 09:36:57,5,9,715.5,800,715.02,100
2016-06-23 09:36:57,4,700,715.5,100,715.02,100
2016-06-23 09:36:57,4,100,715.51,100,715.02,100
2016-06-23 09:36:57,4,100,715.89,100,715.02,100
2016-06-23 09:36:57,3,100,715.95,20,715.02,100
2016-06-23 09:36:57,1,100,715.95,20,715.14,100
2016-06-23 09:36:57,1,24,715.95,20,715.14,124
2016-06-23 09:36:57,1,100,715.95,20,715.14,224
2016-06-23 09:36:57,1,100,715.95,20,715.14,324
2016-06-23 09:36:57,1,100,715.95,20,715.14,424
2016-06-23 09:37:00,1,80,715.95,20,715.15,80
2016-06-23 09:37:00,3,80,715.95,20,715.14,424
2016-06-23 09:37:00,3,100,715.95,20,715.14,324
2016-06-23 09:37:00,3,24,715.95,20,715.14,300
2016-06-23 09:37:00,3,100,715.95,20,715.14,200
2016-06-23 09:37:00,3,100,715.95,20,715.14,100
2016-06-23 09:37:00,3,100,715.95,20,715.02,100
2016-06-23 09:37:00,1,100,715.95,20,715.26,100
2016-06-23 09:37:00,1,24,715.95,20,715.26,124
2016-06-23 09:37:00,1,100,715.95,20,715.26,224
2016-06-23 09:37:03,3,20,716,390,715.26,224
2016-06-23 09:37:07,1,21,715.71,21,715.26,224
2016-06-23 09:37:07,1,99,715.71,21,715.39,99
2016-06-23 09:37:07,1,100,715.71,21,715.39,199
2016-06-23 09:37:07,1,24,715.71,21,715.39,223
2016-06-23 09:37:07,1,100,715.71,21,715.39,323
2016-06-23 09:37:09,5,10,715.71,21,715.39,323
2016-06-23 09:37:09,4,99,715.71,21,715.39,224
2016-06-23 09:37:09,4,100,715.71,21,715.39,124
2016-06-23 09:37:09,4,24,715.71,21,715.39,100
2016-06-23 09:37:09,4,90,715.71,21,715.39,10
2016-06-23 09:37:09,4,10,715.71,21,715.02,100
2016-06-23 09:37:09,5,17,715.71,21,715.02,100
2016-06-23 09:37:09,5,100,715.71,21,715.02,100
2016-06-23 09:37:09,1,100,715.71,21,715.39,100
2016-06-23 09:37:09,4,10,715.71,21,715.39,90
2016-06-23 09:37:09,1,100,715.71,21,715.39,190
2016-06-23 09:37:09,4,90,715.71,21,715.39,100
2016-06-23 09:37:09,4,100,715.71,21,715.02,100
2016-06-23 09:37:09,1,83,715.71,21,715.39,83
2016-06-23 09:37:09,1,100,715.71,21,715.39,183
2016-06-23 09:37:10,1,150,715.71,21,715.5,150
2016-06-23 09:37:10,4,100,715.71,21,715.5,50
2016-06-23 09:37:10,4,50,715.71,21,715.02,100
2016-06-23 09:37:10,1,100,715.69,100,715.02,100
2016-06-23 09:37:10,1,100,715.69,100,715.26,100
2016-06-23 09:37:10,4,100,715.69,100,715.02,100
2016-06-23 09:37:10,1,100,715.69,100,715.26,100
2016-06-23 09:37:10,3,100,715.71,21,715.26,100
2016-06-23 09:37:10,5,1,715.71,21,715.26,100
2016-06-23 09:37:10,4,100,715.71,21,715.02,100
2016-06-23 09:37:10,4,20,715.71,21,715.02,80
2016-06-23 09:37:10,3,80,715.71,21,714.56,100
2016-06-23 09:37:10,3,100,715.71,21,714.44,100
2016-06-23 09:37:10,3,100,715.71,21,714.37,1
2016-06-23 09:37:10,3,1,715.71,21,714.31,10
2016-06-23 09:37:10,3,21,716,390,714.31,10
2016-06-23 09:37:14,1,50,715.5,50,714.31,10
2016-06-23 09:37:18,3,50,716,390,714.31,10
2016-06-23 09:37:19,1,500,715.57,500,714.31,10
2016-06-23 09:37:19,1,100,715.57,500,714.69,100
2016-06-23 09:37:24,1,1,715.57,500,714.75,1
2016-06-23 09:37:26,1,250,715.3,250,714.75,1
2016-06-23 09:37:27,1,1,715.3,250,714.9,1
2016-06-23 09:37:36,1,100,715.3,250,715,100
2016-06-23 09:37:36,1,100,715.3,250,715,200
2016-06-23 09:37:36,5,100,715.3,250,715,200
2016-06-23 09:37:36,5,2,715.3,250,715,200
2016-06-23 09:37:36,4,98,715.3,152,715,200
2016-06-23 09:37:36,4,100,715.3,52,715,200
2016-06-23 09:37:36,4,50,715.3,2,715,200
2016-06-23 09:37:36,4,2,715.7,110,715,200
2016-06-23 09:37:36,1,100,715.7,110,715.01,100
2016-06-23 09:37:37,5,2,715.7,110,715.01,100
2016-06-23 09:37:37,5,30,715.7,110,715.01,100
2016-06-23 09:37:37,5,15,715.7,110,715.01,100
2016-06-23 09:37:37,5,6,715.7,110,715.01,100
2016-06-23 09:37:37,5,2,715.7,110,715.01,100
2016-06-23 09:37:38,1,100,715.7,110,715.01,200
2016-06-23 09:37:38,1,1,715.7,111,715.01,200
2016-06-23 09:37:39,1,100,715.36,100,715.01,200
2016-06-23 09:37:39,3,100,715.36,100,715.01,100
2016-06-23 09:37:39,3,100,715.7,111,715.01,100
2016-06-23 09:37:40,5,100,715.7,111,715.01,100
2016-06-23 09:37:40,5,100,715.7,111,715.01,100
2016-06-23 09:37:40,1,1,715.7,111,715.04,1
2016-06-23 09:37:40,1,100,715.64,100,715.04,1
2016-06-23 09:37:41,1,100,715.64,100,715.05,100
2016-06-23 09:37:41,3,100,715.7,111,715.05,100
2016-06-23 09:37:41,5,100,715.7,111,715.05,100
2016-06-23 09:37:42,5,100,715.7,111,715.05,100
2016-06-23 09:37:42,5,100,715.7,111,715.05,100
2016-06-23 09:37:42,1,100,715.7,111,715.06,100
2016-06-23 09:37:42,1,100,715.7,111,715.06,200
2016-06-23 09:37:44,1,100,715.7,111,715.06,300
2016-06-23 09:37:44,3,100,715.7,111,715.06,200
2016-06-23 09:37:45,1,100,715.7,211,715.06,200
2016-06-23 09:37:48,1,1100,715.69,1100,715.06,200
2016-06-23 09:37:53,1,100,715.69,1100,715.06,300
2016-06-23 09:37:54,1,100,715.69,1200,715.06,300
2016-06-23 09:37:57,3,100,715.69,1200,715.06,200
2016-06-23 09:37:57,1,100,715.68,100,715.06,200
2016-06-23 09:37:57,1,200,715.66,200,715.06,200
2016-06-23 09:37:57,1,100,715.65,100,715.06,200
2016-06-23 09:37:59,1,100,715.65,200,715.06,200
2016-06-23 09:37:59,5,6,715.65,200,715.06,200
2016-06-23 09:37:59,5,94,715.65,200,715.06,200
2016-06-23 09:37:59,5,2,715.65,200,715.06,200
2016-06-23 09:37:59,4,100,715.65,200,715.06,100
2016-06-23 09:37:59,1,100,715.65,200,715.06,200
2016-06-23 09:37:59,4,100,715.65,200,715.06,100
2016-06-23 09:37:59,4,13,715.65,200,715.06,87
2016-06-23 09:37:59,1,100,715.65,200,715.06,187
2016-06-23 09:37:59,4,87,715.65,200,715.06,100
2016-06-23 09:37:59,4,13,715.65,200,715.06,87
2016-06-23 09:37:59,4,87,715.65,200,715.04,1
2016-06-23 09:37:59,5,52,715.65,200,715.04,1
2016-06-23 09:37:59,1,100,715.65,200,715.06,100
2016-06-23 09:37:59,4,100,715.65,200,715.04,1
2016-06-23 09:37:59,1,100,715.65,200,715.06,100
2016-06-23 09:37:59,4,100,715.65,200,715.04,1
2016-06-23 09:37:59,5,48,715.65,200,715.04,1
2016-06-23 09:37:59,4,1,715.65,200,715,100
2016-06-23 09:37:59,4,99,715.65,200,715,1
2016-06-23 09:37:59,4,1,715.65,200,714.9,1
2016-06-23 09:37:59,5,100,715.65,200,714.9,1
2016-06-23 09:37:59,4,1,715.65,200,714.75,1
2016-06-23 09:37:59,1,100,715,100,714.75,1
2016-06-23 09:37:59,4,1,715,100,714.69,200
2016-06-23 09:38:00,1,100,715,200,714.69,200
2016-06-23 09:38:00,4,60,715,200,714.69,140
2016-06-23 09:38:00,4,140,715,200,714.67,20
2016-06-23 09:38:00,4,20,715,200,714.66,18
2016-06-23 09:38:00,4,18,715,200,714.58,6
2016-06-23 09:38:00,4,6,715,200,714.57,6
2016-06-23 09:38:00,4,1,715,200,714.57,5
2016-06-23 09:38:00,5,6,715,200,714.57,5
2016-06-23 09:38:00,4,5,715,200,714.31,10
2016-06-23 09:38:00,1,100,714.99,100,714.31,10
2016-06-23 09:38:03,5,10,714.99,100,714.31,10
2016-06-23 09:38:03,1,100,714.41,100,714.31,10
2016-06-23 09:38:03,4,100,714.99,100,714.31,10
2016-06-23 09:38:03,1,100,714.99,100,714.32,100
2016-06-23 09:38:03,5,10,714.99,100,714.32,100
2016-06-23 09:38:03,5,10,714.99,100,714.32,100
2016-06-23 09:38:03,1,100,714.99,200,714.32,100
2016-06-23 09:38:03,1,1200,714.97,1200,714.32,100
2016-06-23 09:38:03,3,100,714.97,1200,714.31,10
2016-06-23 09:38:03,1,100,714.96,100,714.31,10
2016-06-23 09:38:08,1,100,714.96,200,714.31,10
2016-06-23 09:38:08,5,3,714.96,200,714.31,10
2016-06-23 09:38:09,5,3,714.96,200,714.31,10
2016-06-23 09:38:09,4,7,714.96,200,714.31,3
2016-06-23 09:38:09,4,3,714.96,200,714.27,18
2016-06-23 09:38:09,4,18,714.96,200,714.26,18
2016-06-23 09:38:09,4,18,714.96,200,714,38
2016-06-23 09:38:10,1,1200,714.83,1200,714,38
2016-06-23 09:38:10,1,100,714.82,100,714,38
2016-06-23 09:38:12,1,100,714.8,100,714,38
2016-06-23 09:38:12,1,100,714.79,100,714,38
2016-06-23 09:38:14,4,8,714.79,100,714,30
2016-06-23 09:38:14,4,20,714.79,100,714,10
2016-06-23 09:38:14,4,10,714.79,100,713.91,5
2016-06-23 09:38:17,1,100,714.77,100,713.91,5
2016-06-23 09:38:17,1,100,714.76,100,713.91,5
2016-06-23 09:38:18,1,100,714.25,100,713.91,5
2016-06-23 09:38:18,3,100,714.76,100,713.91,5
2016-06-23 09:38:18,4,5,714.76,100,713.9,4
2016-06-23 09:38:18,4,4,714.76,100,713.8,43
2016-06-23 09:38:18,4,9,714.76,100,713.8,34
2016-06-23 09:38:20,1,300,714,300,713.8,34
2016-06-23 09:38:20,1,100,714,300,713.8,134
2016-06-23 09:38:20,4,4,714,296,713.8,134
2016-06-23 09:38:20,4,50,714,246,713.8,134
2016-06-23 09:38:20,4,100,714,146,713.8,134
2016-06-23 09:38:20,4,50,714,96,713.8,134
2016-06-23 09:38:20,4,96,714.76,100,713.8,134
2016-06-23 09:38:20,1,100,714.76,100,713.81,100
2016-06-23 09:38:20,1,100,714.76,100,713.82,100
2016-06-23 09:38:20,5,100,714.76,100,713.82,100
2016-06-23 09:38:21,1,100,714.25,100,713.82,100
2016-06-23 09:38:22,1,100,714.25,100,713.83,100
2016-06-23 09:38:22,5,100,714.25,100,713.83,100
2016-06-23 09:38:22,5,100,714.25,100,713.83,100
2016-06-23 09:38:22,4,100,714.26,100,713.83,100
2016-06-23 09:38:22,5,18,714.26,100,713.83,100
2016-06-23 09:38:22,4,50,714.26,50,713.83,100
2016-06-23 09:38:22,4,50,714.76,100,713.83,100
2016-06-23 09:38:22,3,100,714.81,100,713.83,100
2016-06-23 09:38:22,1,100,714.8,100,713.83,100
2016-06-23 09:38:32,1,100,714.8,100,714.12,100
2016-06-23 09:38:32,4,100,714.8,100,713.83,100
2016-06-23 09:38:38,1,100,714.6,100,713.83,100
2016-06-23 09:38:38,1,100,714.59,100,713.83,100
2016-06-23 09:38:39,1,2,714.5,2,713.83,100
2016-06-23 09:38:39,1,100,714.5,102,713.83,100
2016-06-23 09:38:41,3,100,714.5,2,713.83,100
2016-06-23 09:38:41,1,100,714.5,2,713.96,100
2016-06-23 09:38:41,3,100,714.5,2,713.83,100
2016-06-23 09:38:43,5,20,714.5,2,713.83,100
2016-06-23 09:38:43,5,80,714.5,2,713.83,100
2016-06-23 09:38:43,5,70,714.5,2,713.83,100
2016-06-23 09:38:52,1,100,714.49,100,713.83,100
2016-06-23 09:38:58,1,10,713.96,10,713.83,100
2016-06-23 09:38:58,4,10,714.49,100,713.83,100
2016-06-23 09:38:58,4,100,714.49,100,713.8,34
2016-06-23 09:38:58,4,34,714.49,100,713.6,10
2016-06-23 09:38:58,1,100,714.49,100,713.84,100
2016-06-23 09:38:58,4,100,714.49,100,713.6,10
2016-06-23 09:38:58,1,100,714.42,100,713.6,10
2016-06-23 09:38:58,1,100,714.41,100,713.6,10
2016-06-23 09:38:58,1,100,714.41,200,713.6,10
2016-06-23 09:38:58,1,100,714.29,100,713.6,10
2016-06-23 09:38:58,1,100,714.28,100,713.6,10
2016-06-23 09:39:00,3,100,714.42,100,713.6,10
2016-06-23 09:39:00,1,100,714.41,100,713.6,10
2016-06-23 09:39:02,1,100,714.41,200,713.6,10
2016-06-23 09:39:02,1,1,714.41,200,713.69,1
2016-06-23 09:39:03,1,250,714.41,200,714.1,250
2016-06-23 09:39:03,4,200,714.41,200,714.1,50
2016-06-23 09:39:03,4,50,714.41,200,713.69,1
2016-06-23 09:39:03,5,50,714.41,200,713.69,1
2016-06-23 09:39:03,3,100,714.41,100,713.69,1
2016-06-23 09:39:03,1,100,714.41,200,713.69,1
2016-06-23 09:39:03,4,1,714.41,200,713.6,10
2016-06-23 09:39:03,1,17,713.67,17,713.6,10
2016-06-23 09:39:03,4,17,714.41,200,713.6,10
2016-06-23 09:39:03,3,100,714.41,100,713.6,10
2016-06-23 09:39:03,1,100,714.41,200,713.6,10
2016-06-23 09:39:03,1,16,713.67,16,713.6,10
2016-06-23 09:39:03,4,16,714.41,200,713.6,10
2016-06-23 09:39:03,3,100,714.41,100,713.6,10
2016-06-23 09:39:03,1,100,714.41,200,713.6,10
2016-06-23 09:39:03,1,8,713.67,8,713.6,10
2016-06-23 09:39:03,4,8,714.41,200,713.6,10
2016-06-23 09:39:03,1,100,714.41,200,713.61,100
2016-06-23 09:39:03,3,100,714.41,100,713.61,100
2016-06-23 09:39:03,1,100,714.41,200,713.61,100
2016-06-23 09:39:04,1,100,714.37,100,713.61,100
2016-06-23 09:39:04,1,100,714.36,100,713.61,100
2016-06-23 09:39:04,1,100,714.36,200,713.61,100
2016-06-23 09:39:04,5,100,714.36,200,713.61,100
2016-06-23 09:39:04,1,600,714.22,600,713.61,100
2016-06-23 09:39:04,3,100,714.22,600,713.6,10
2016-06-23 09:39:04,1,100,714.21,100,713.6,10
2016-06-23 09:39:04,1,100,714.21,200,713.6,10
2016-06-23 09:39:06,5,6,714.21,200,713.6,10
2016-06-23 09:39:07,5,10,714.21,200,713.6,10
2016-06-23 09:39:08,5,84,714.21,200,713.6,10
2016-06-23 09:39:08,4,10,714.21,200,713.55,42
2016-06-23 09:39:08,4,5,714.21,200,713.55,37
2016-06-23 09:39:08,4,35,714.21,200,713.55,2
2016-06-23 09:39:08,4,2,714.21,200,713.5,502
2016-06-23 09:39:08,5,63,714.21,200,713.5,502
2016-06-23 09:39:08,4,2,714.21,200,713.5,500
2016-06-23 09:39:08,4,35,714.21,200,713.5,465
2016-06-23 09:39:08,4,465,714.21,200,713.15,200
2016-06-23 09:39:08,1,100,714.21,200,713.29,100
2016-06-23 09:39:08,1,100,714.21,200,713.31,100
2016-06-23 09:39:08,1,100,713.97,100,713.31,100
2016-06-23 09:39:08,1,100,713.96,100,713.31,100
2016-06-23 09:39:08,1,100,713.96,200,713.31,100
2016-06-23 09:39:09,4,14,713.96,200,713.31,86
2016-06-23 09:39:09,1,100,713.95,100,713.31,86
2016-06-23 09:39:09,1,100,713.94,100,713.31,86
2016-06-23 09:39:09,1,100,713.94,200,713.31,86
2016-06-23 09:39:09,3,86,713.94,200,713.29,100
2016-06-23 09:39:09,1,100,713.73,100,713.29,100
2016-06-23 09:39:09,1,100,713.72,100,713.29,100
2016-06-23 09:39:09,3,100,713.72,100,713.15,200
2016-06-23 09:39:12,1,100,713.72,100,713.3,100
2016-06-23 09:39:14,5,50,713.72,100,713.3,100
2016-06-23 09:39:14,5,8,713.72,100,713.3,100
2016-06-23 09:39:14,4,5,713.72,100,713.3,95
2016-06-23 09:39:16,4,7,713.72,100,713.3,88
2016-06-23 09:39:16,4,88,713.72,100,713.15,200
2016-06-23 09:39:17,1,100,713.61,100,713.15,200
2016-06-23 09:39:17,1,100,713.6,100,713.15,200
2016-06-23 09:39:17,1,100,713.59,100,713.15,200
2016-06-23 09:39:17,1,100,713.58,100,713.15,200
2016-06-23 09:39:17,4,200,713.58,100,713.1,25
2016-06-23 09:39:18,4,25,713.58,100,713,1624
2016-06-23 09:39:18,1,100,713.58,200,713,1624
2016-06-23 09:39:22,3,100,713.58,100,713,1624
2016-06-23 09:39:23,1,100,713.55,100,713,1624
2016-06-23 09:39:23,1,100,713.54,100,713,1624
2016-06-23 09:39:23,5,17,713.54,100,713,1624
2016-06-23 09:39:26,1,66,713.5,66,713,1624
2016-06-23 09:39:26,1,100,713.49,100,713,1624
2016-06-23 09:39:26,1,200,713.49,300,713,1624
2016-06-23 09:39:28,4,6,713.49,300,713,1618
2016-06-23 09:39:28,4,58,713.49,300,713,1560
2016-06-23 09:39:28,4,10,713.49,300,713,1550
2016-06-23 09:39:28,4,50,713.49,300,713,1500
2016-06-23 09:39:28,4,144,713.49,300,713,1356
2016-06-23 09:39:28,4,19,713.49,300,713,1337
2016-06-23 09:39:28,4,420,713.49,300,713,917
2016-06-23 09:39:28,4,917,713.49,300,712.77,300
2016-06-23 09:39:28,4,100,713.49,300,712.77,200
2016-06-23 09:39:28,1,100,713.48,100,712.77,200
2016-06-23 09:39:28,5,6,713.48,100,712.77,200
2016-06-23 09:39:28,5,6,713.48,100,712.77,200
2016-06-23 09:39:28,4,34,713.48,100,712.77,166
2016-06-23 09:39:29,3,100,713.49,100,712.77,166
2016-06-23 09:39:29,1,100,713.49,200,712.77,166
2016-06-23 09:39:29,5,100,713.49,200,712.77,166
2016-06-23 09:39:29,4,66,713.49,200,712.77,100
2016-06-23 09:39:29,1,100,713.49,200,712.78,100
2016-06-23 09:39:31,3,100,713.49,100,712.78,100
2016-06-23 09:39:34,1,100,713.49,200,712.78,100
2016-06-23 09:39:34,3,100,713.49,100,712.78,100
2016-06-23 09:39:34,1,10,713.49,100,712.95,10
2016-06-23 09:39:39,1,100,713.49,100,713,100
2016-06-23 09:39:40,4,50,713.49,100,713,50
2016-06-23 09:39:40,4,50,713.49,100,712.95,10
2016-06-23 09:39:40,4,10,713.49,100,712.78,100
2016-06-23 09:39:41,1,100,713.49,200,712.78,100
2016-06-23 09:39:43,1,125,713,125,712.78,100
2016-06-23 09:39:43,1,100,712.99,100,712.78,100
2016-06-23 09:39:44,5,50,712.99,100,712.78,100
2016-06-23 09:39:44,4,50,712.99,50,712.78,100
2016-06-23 09:39:44,4,50,713,125,712.78,100
2016-06-23 09:39:44,4,48,713,77,712.78,100
2016-06-23 09:39:44,4,77,713.5,66,712.78,100
2016-06-23 09:39:44,1,100,713.5,66,712.79,100
2016-06-23 09:39:44,1,100,713,100,712.79,100
2016-06-23 09:39:44,4,50,713,50,712.79,100
2016-06-23 09:39:44,4,50,713.5,66,712.79,100
2016-06-23 09:39:44,1,100,713.49,100,712.79,100
2016-06-23 09:39:44,1,100,713.49,200,712.79,100
2016-06-23 09:39:44,3,100,713.49,100,712.79,100
2016-06-23 09:39:44,1,100,713.48,100,712.79,100
2016-06-23 09:39:44,3,100,713.49,100,712.79,100
2016-06-23 09:39:44,1,100,713.49,100,712.79,200
2016-06-23 09:39:44,1,75,713,75,712.79,200
2016-06-23 09:39:44,4,75,713.49,100,712.79,200
2016-06-23 09:39:46,3,100,713.5,66,712.79,200
2016-06-23 09:39:46,1,100,713.5,166,712.79,200
2016-06-23 09:39:46,1,100,713.49,100,712.79,200
2016-06-23 09:39:46,1,35,713.45,35,712.79,200
2016-06-23 09:39:46,1,100,713.44,100,712.79,200
2016-06-23 09:39:48,1,100,713.22,100,712.79,200
2016-06-23 09:39:48,4,100,713.44,100,712.79,200
2016-06-23 09:39:48,1,100,713.44,100,712.8,100
2016-06-23 09:39:48,5,100,713.44,100,712.8,100
2016-06-23 09:39:48,5,100,713.44,100,712.8,100
2016-06-23 09:39:48,3,100,713.45,35,712.8,100
2016-06-23 09:39:48,1,100,713.44,100,712.8,100
2016-06-23 09:39:48,1,100,713.44,200,712.8,100
2016-06-23 09:39:51,1,100,713.44,200,713.2,100
2016-06-23 09:39:51,4,100,713.44,200,712.8,100
2016-06-23 09:39:54,1,100,713.44,200,712.92,100
2016-06-23 09:39:57,3,100,713.44,200,712.8,100
2016-06-23 09:39:58,1,100,713.43,100,712.8,100
2016-06-23 09:39:59,3,100,713.45,35,712.8,100
2016-06-23 09:39:59,1,100,713.44,100,712.8,100
2016-06-23 09:40:00,1,28,713.43,28,712.8,100
2016-06-23 09:40:00,1,100,713.42,100,712.8,100
2016-06-23 09:40:02,5,60,713.42,100,712.8,100
2016-06-23 09:40:02,5,40,713.42,100,712.8,100
2016-06-23 09:40:02,5,30,713.42,100,712.8,100
2016-06-23 09:40:02,4,30,713.42,70,712.8,100
2016-06-23 09:40:02,1,100,713.42,70,712.81,100
2016-06-23 09:40:02,4,70,713.43,28,712.81,100
2016-06-23 09:40:02,4,28,713.45,35,712.81,100
2016-06-23 09:40:02,4,35,713.5,66,712.81,100
2016-06-23 09:40:02,4,65,713.5,1,712.81,100
2016-06-23 09:40:02,1,100,713.41,100,712.81,100
2016-06-23 09:40:02,3,100,713.5,1,712.81,100
2016-06-23 09:40:02,1,100,713.49,100,712.81,100
2016-06-23 09:40:02,5,10,713.49,100,712.81,100
2016-06-23 09:40:02,4,74,713.49,26,712.81,100
2016-06-23 09:40:02,3,100,713.49,26,712.79,100
2016-06-23 09:40:02,4,26,713.5,1,712.79,100
2016-06-23 09:40:02,1,100,713.49,100,712.79,100
2016-06-23 09:40:03,1,100,713.49,100,712.98,100
2016-06-23 09:40:04,3,100,713.49,100,712.79,100
2016-06-23 09:40:05,4,100,713.5,1,712.79,100
2016-06-23 09:40:05,4,1,713.7,1,712.79,100
2016-06-23 09:40:05,1,100,713.7,1,713.14,100
2016-06-23 09:40:05,1,100,713.69,100,713.14,100
2016-06-23 09:40:05,4,100,713.7,1,713.14,100
2016-06-23 09:40:05,4,1,714,100,713.14,100
2016-06-23 09:40:05,1,100,714,100,713.15,100
2016-06-23 09:40:05,1,100,713.99,100,713.15,100
2016-06-23 09:40:05,1,100,713.99,200,713.15,100
2016-06-23 09:40:05,3,100,713.99,100,713.15,100
2016-06-23 09:40:05,1,100,713.98,100,713.15,100
2016-06-23 09:40:05,1,100,713.98,100,713.35,100
2016-06-23 09:40:05,4,99,713.98,1,713.35,100
2016-06-23 09:40:05,3,1,714.01,100,713.35,100
2016-06-23 09:40:05,1,100,714,100,713.35,100
2016-06-23 09:40:05,3,100,714.01,100,713.35,100
2016-06-23 09:40:05,3,100,714.42,100,713.35,100
2016-06-23 09:40:05,1,100,714.41,100,713.35,100
2016-06-23 09:40:07,3,100,714.41,100,713.15,100
2016-06-23 09:40:11,1,100,714.41,100,713.38,100
2016-06-23 09:40:14,3,100,714.41,100,713.15,100
2016-06-23 09:40:14,1,100,714.41,100,713.39,100
2016-06-23 09:40:15,1,10,714.41,100,713.5,10
2016-06-23 09:40:16,1,10,714.41,100,713.9,10
2016-06-23 09:40:16,4,10,714.41,100,713.5,10
2016-06-23 09:40:17,1,100,714.01,100,713.5,10
2016-06-23 09:40:17,1,100,714,100,713.5,10
2016-06-23 09:40:17,1,100,714,100,713.55,100
2016-06-23 09:40:17,3,100,714,100,713.5,10
2016-06-23 09:40:19,5,100,714,100,713.5,10
2016-06-23 09:40:19,1,100,714,200,713.5,10
2016-06-23 09:40:22,5,100,714,200,713.5,10
2016-06-23 09:40:22,5,14,714,200,713.5,10
2016-06-23 09:40:22,5,86,714,200,713.5,10
2016-06-23 09:40:22,4,14,714,186,713.5,10
2016-06-23 09:40:22,1,100,714,186,713.57,100
2016-06-23 09:40:22,3,100,714,186,713.5,10
2016-06-23 09:40:23,1,100,713.99,100,713.5,10
2016-06-23 09:40:23,1,100,713.98,100,713.5,10
2016-06-23 09:40:23,1,100,713.98,100,713.56,100
2016-06-23 09:40:23,3,100,713.98,100,713.5,10
2016-06-23 09:40:23,3,100,714,86,713.5,10
2016-06-23 09:40:23,1,100,713.99,100,713.5,10
2016-06-23 09:40:23,1,100,713.99,100,713.56,100
2016-06-23 09:40:24,3,100,713.99,100,713.5,10
2016-06-23 09:40:29,5,83,713.99,100,713.5,10
2016-06-23 09:40:29,5,14,713.99,100,713.5,10
2016-06-23 09:40:29,1,100,713.98,100,713.5,10
2016-06-23 09:40:29,1,100,713.98,100,713.59,100
2016-06-23 09:40:29,1,100,713.97,100,713.59,100
2016-06-23 09:40:30,1,1,713.97,100,713.79,1
2016-06-23 09:40:30,4,1,713.97,100,713.59,100
2016-06-23 09:40:30,3,100,713.97,100,713.5,10
2016-06-23 09:40:30,3,100,714,100,713.5,10
2016-06-23 09:40:30,1,100,713.99,100,713.5,10
2016-06-23 09:40:31,1,100,713.99,200,713.5,10
2016-06-23 09:40:32,5,3,713.99,200,713.5,10
2016-06-23 09:40:33,1,100,713.98,100,713.5,10
2016-06-23 09:40:33,4,10,713.98,100,713.38,400
2016-06-23 09:40:33,1,100,713.97,100,713.38,400
2016-06-23 09:40:33,5,95,713.97,100,713.38,400
2016-06-23 09:40:33,4,5,713.97,100,713.38,395
2016-06-23 09:40:33,4,49,713.97,100,713.38,346
2016-06-23 09:40:33,4,346,713.97,100,713.15,100
2016-06-23 09:40:33,5,54,713.97,100,713.15,100
2016-06-23 09:40:33,5,346,713.97,100,713.15,100
2016-06-23 09:40:33,5,50,713.97,100,713.15,100
2016-06-23 09:40:33,1,100,713.97,200,713.15,100
2016-06-23 09:40:33,5,100,713.97,200,713.15,100
2016-06-23 09:40:33,3,100,713.97,100,713.15,100
2016-06-23 09:40:33,1,100,713.97,200,713.15,100
2016-06-23 09:40:34,5,100,713.97,200,713.15,100
2016-06-23 09:40:35,1,100,713.97,300,713.15,100
2016-06-23 09:40:35,1,100,713.96,100,713.15,100
2016-06-23 09:40:35,1,100,713.95,100,713.15,100
2016-06-23 09:40:35,1,100,713.95,200,713.15,100
2016-06-23 09:40:38,1,450,713.95,200,713.15,550
2016-06-23 09:40:42,1,100,713.95,300,713.15,550
2016-06-23 09:40:42,1,100,713.94,100,713.15,550
2016-06-23 09:40:42,1,100,713.93,100,713.15,550
2016-06-23 09:40:42,1,100,713.93,200,713.15,550
2016-06-23 09:40:45,1,100,713.93,200,713.16,100
2016-06-23 09:40:45,1,100,713.83,100,713.16,100
2016-06-23 09:40:45,1,100,713.82,100,713.16,100
2016-06-23 09:40:45,1,100,713.82,200,713.16,100
2016-06-23 09:40:45,5,6,713.82,200,713.16,100
2016-06-23 09:40:45,3,100,713.82,100,713.16,100
2016-06-23 09:40:45,1,100,713.81,100,713.16,100
2016-06-23 09:40:45,3,100,713.82,100,713.16,100
2016-06-23 09:40:46,1,100,713.82,200,713.16,100
2016-06-23 09:40:46,1,100,713.81,100,713.16,100
2016-06-23 09:40:46,5,34,713.81,100,713.16,100
2016-06-23 09:40:46,5,1,713.81,100,713.16,100
2016-06-23 09:40:46,5,4,713.81,100,713.16,100
2016-06-23 09:40:48,5,100,713.81,100,713.16,100
2016-06-23 09:40:48,5,50,713.81,100,713.16,100
2016-06-23 09:40:48,5,100,713.81,100,713.16,100
2016-06-23 09:40:48,1,100,713.81,100,713.17,100
2016-06-23 09:40:49,1,2,713.81,100,713.49,2
2016-06-23 09:40:49,5,147,713.81,100,713.49,2
2016-06-23 09:40:49,5,53,713.81,100,713.49,2
2016-06-23 09:40:49,5,47,713.81,100,713.49,2
2016-06-23 09:40:49,5,53,713.81,100,713.49,2
2016-06-23 09:40:49,5,47,713.81,100,713.49,2
2016-06-23 09:40:49,4,100,713.82,207,713.49,2
2016-06-23 09:40:49,4,53,713.82,154,713.49,2
2016-06-23 09:40:49,4,47,713.82,107,713.49,2
2016-06-23 09:40:49,4,53,713.82,54,713.49,2
2016-06-23 09:40:49,4,47,713.82,7,713.49,2
2016-06-23 09:40:49,4,7,713.83,100,713.49,2
2016-06-23 09:40:49,4,100,713.95,100,713.49,2
2016-06-23 09:40:49,1,100,713.89,100,713.49,2
2016-06-23 09:40:49,1,100,713.81,100,713.49,2
2016-06-23 09:40:49,3,100,713.94,100,713.49,2
2016-06-23 09:40:49,1,100,713.94,200,713.49,2
2016-06-23 09:40:49,1,100,713.88,100,713.49,2
2016-06-23 09:40:49,1,100,713.88,200,713.49,2
2016-06-23 09:40:49,3,100,713.88,100,713.49,2
2016-06-23 09:40:49,3,100,713.94,100,713.49,2
2016-06-23 09:40:49,1,100,713.94,200,713.49,2
2016-06-23 09:40:49,1,100,713.87,100,713.49,2
2016-06-23 09:40:49,3,100,713.94,100,713.49,2
2016-06-23 09:40:49,1,100,713.94,200,713.49,2
2016-06-23 09:40:51,1,100,713.94,300,713.49,2
2016-06-23 09:40:56,1,100,713.93,100,713.49,2
2016-06-23 09:40:56,1,100,713.92,100,713.49,2
2016-06-23 09:40:56,1,100,713.92,200,713.49,2
2016-06-23 09:40:56,1,100,713.92,300,713.49,2
2016-06-23 09:40:56,4,2,713.92,300,713.17,100
2016-06-23 09:40:57,1,10,713.84,10,713.17,100
2016-06-23 09:40:57,1,100,713.83,100,713.17,100
2016-06-23 09:40:57,1,100,713.83,200,713.17,100
2016-06-23 09:41:01,1,50,713.83,200,713.5,50
2016-06-23 09:41:01,3,100,713.83,100,713.5,50
2016-06-23 09:41:01,1,100,713.82,100,713.5,50
2016-06-23 09:41:01,1,100,713.82,200,713.5,50
2016-06-23 09:41:01,1,100,713.81,100,713.5,50
2016-06-23 09:41:01,1,100,713.81,200,713.5,50
2016-06-23 09:41:01,1,100,713.8,100,713.5,50
2016-06-23 09:41:02,4,14,713.8,100,713.5,36
2016-06-23 09:41:02,1,100,713.79,100,713.5,36
2016-06-23 09:41:02,4,6,713.79,100,713.5,30
2016-06-23 09:41:02,4,21,713.79,100,713.5,9
2016-06-23 09:41:02,4,9,713.79,100,713.17,100
2016-06-23 09:41:02,1,100,713.78,100,713.17,100
2016-06-23 09:41:02,1,100,713.78,200,713.17,100
2016-06-23 09:41:03,3,100,713.78,200,713.15,550
2016-06-23 09:41:03,3,100,713.78,200,713.15,450
2016-06-23 09:41:04,1,100,713.66,100,713.15,450
2016-06-23 09:41:04,1,100,713.65,100,713.15,450
2016-06-23 09:41:05,1,100,713.65,200,713.15,450
2016-06-23 09:41:06,1,100,713.65,200,713.15,550
2016-06-23 09:41:09,4,24,713.65,200,713.15,526
2016-06-23 09:41:09,4,23,713.65,200,713.15,503
2016-06-23 09:41:09,4,52,713.65,200,713.15,451
2016-06-23 09:41:09,4,100,713.65,200,713.15,351
2016-06-23 09:41:09,4,100,713.65,200,713.15,251
2016-06-23 09:41:09,1,100,713.64,100,713.15,251
2016-06-23 09:41:09,4,100,713.64,100,713.15,151
2016-06-23 09:41:09,4,1,713.64,100,713.15,150
2016-06-23 09:41:09,4,17,713.64,100,713.15,133
2016-06-23 09:41:09,4,33,713.64,100,713.15,100
2016-06-23 09:41:09,4,67,713.64,100,713.15,33
2016-06-23 09:41:09,4,2,713.64,100,713.15,31
2016-06-23 09:41:09,4,2,713.64,100,713.15,29
2016-06-23 09:41:09,4,2,713.64,100,713.15,27
2016-06-23 09:41:09,4,3,713.64,100,713.15,24
2016-06-23 09:41:09,4,2,713.64,100,713.15,22
2016-06-23 09:41:09,4,1,713.64,100,713.15,21
2016-06-23 09:41:10,1,100,713.64,200,713.15,21
2016-06-23 09:41:10,1,100,713.63,100,713.15,21
2016-06-23 09:41:11,1,100,713.63,200,713.15,21
2016-06-23 09:41:11,1,100,713.62,100,713.15,21
2016-06-23 09:41:13,4,21,713.62,100,713,170
2016-06-23 09:41:13,4,79,713.62,100,713,91
2016-06-23 09:41:13,3,11,713.62,100,713,80
2016-06-23 09:41:14,3,100,713.63,100,713,80
2016-06-23 09:41:14,1,100,713.63,200,713,80
2016-06-23 09:41:14,1,100,713.59,100,713,80
2016-06-23 09:41:14,1,100,713.58,100,713,80
2016-06-23 09:41:14,1,100,713.58,200,713,80
2016-06-23 09:41:14,5,20,713.58,200,713,80
2016-06-23 09:41:15,1,100,713.58,300,713,80
2016-06-23 09:41:17,5,200,713.58,300,713,80
2016-06-23 09:41:17,3,100,713.58,200,713,80
2016-06-23 09:41:18,1,100,713.39,100,713,80
2016-06-23 09:41:18,1,100,713.38,100,713,80
2016-06-23 09:41:18,1,100,713.38,200,713,80
2016-06-23 09:41:18,1,100,713.37,100,713,80
2016-06-23 09:41:19,3,100,713.38,200,713,80
2016-06-23 09:41:20,3,10,713.38,200,713,70
2016-06-23 09:41:20,3,70,713.38,200,712.95,75
2016-06-23 09:41:20,1,100,713.37,100,712.95,75
2016-06-23 09:41:20,1,100,713.36,100,712.95,75
2016-06-23 09:41:20,1,200,713.36,100,713,200
2016-06-23 09:41:20,4,200,713.36,100,712.95,75
2016-06-23 09:41:20,1,100,713.35,100,712.95,75
2016-06-23 09:41:20,1,100,713.35,200,712.95,75
2016-06-23 09:41:20,4,75,713.35,200,712.77,100
2016-06-23 09:41:20,4,100,713.35,200,712.75,20
2016-06-23 09:41:20,4,20,713.35,200,712.67,140
2016-06-23 09:41:20,4,90,713.35,200,712.67,50
2016-06-23 09:41:20,4,50,713.35,200,712.62,200
2016-06-23 09:41:20,4,60,713.35,200,712.62,140
2016-06-23 09:41:20,4,140,713.35,200,712.58,1
2016-06-23 09:41:21,5,25,713.35,200,712.58,1
2016-06-23 09:41:21,1,100,713.28,100,712.58,1
2016-06-23 09:41:21,1,100,713.27,100,712.58,1
2016-06-23 09:41:21,1,100,713.27,200,712.58,1
2016-06-23 09:41:22,4,1,713.27,200,712.5,506
2016-06-23 09:41:22,5,4,713.27,200,712.5,506
2016-06-23 09:41:22,5,4,713.27,200,712.5,506
2016-06-23 09:41:22,5,5,713.27,200,712.5,506
2016-06-23 09:41:22,3,100,713.27,100,712.5,506
2016-06-23 09:41:22,3,100,713.36,100,712.5,506
2016-06-23 09:41:22,1,100,713.28,100,712.5,506
2016-06-23 09:41:22,1,100,713.28,200,712.5,506
2016-06-23 09:41:22,3,100,713.28,100,712.5,506
2016-06-23 09:41:22,3,100,713.35,100,712.5,506
2016-06-23 09:41:22,1,100,713.35,200,712.5,506
2016-06-23 09:41:22,1,100,713.27,100,712.5,506
2016-06-23 09:41:22,1,100,713.27,200,712.5,506
2016-06-23 09:41:22,3,100,713.27,100,712.5,506
2016-06-23 09:41:22,3,100,713.35,100,712.5,506
2016-06-23 09:41:22,1,100,713.35,200,712.5,506
2016-06-23 09:41:22,1,100,713.26,100,712.5,506
2016-06-23 09:41:22,3,100,713.35,100,712.5,506
2016-06-23 09:41:22,1,100,713.34,100,712.5,506
2016-06-23 09:41:23,1,100,713.26,100,712.5,506
2016-06-23 09:41:23,1,100,713.25,100,712.5,506
2016-06-23 09:41:23,1,100,713.25,200,712.5,506
2016-06-23 09:41:23,1,100,713.25,300,712.5,506
2016-06-23 09:41:23,1,100,713.25,400,712.5,506
2016-06-23 09:41:23,1,100,713.25,500,712.5,506
2016-06-23 09:41:23,3,100,713.25,400,712.5,506
2016-06-23 09:41:23,1,100,713.25,500,712.5,506
2016-06-23 09:41:23,1,100,713.24,100,712.5,506
2016-06-23 09:41:26,1,100,713,100,712.5,506
2016-06-23 09:41:26,1,100,712.99,100,712.5,506
2016-06-23 09:41:27,5,30,712.99,100,712.5,506
2016-06-23 09:41:27,5,5,712.99,100,712.5,506
2016-06-23 09:41:27,5,2,712.99,100,712.5,506
2016-06-23 09:41:27,1,100,712.99,200,712.5,506
2016-06-23 09:41:29,1,20,712.97,20,712.5,506
2016-06-23 09:41:29,1,100,712.96,100,712.5,506
2016-06-23 09:41:31,1,100,712.96,200,712.5,506
2016-06-23 09:41:32,5,33,712.96,200,712.5,506
2016-06-23 09:41:32,5,2,712.96,200,712.5,506
2016-06-23 09:41:33,1,100,712.95,100,712.5,506
2016-06-23 09:41:33,1,100,712.94,100,712.5,506
2016-06-23 09:41:34,1,100,712.94,200,712.5,506
2016-06-23 09:41:35,1,100,712.93,100,712.5,506
2016-06-23 09:41:35,3,100,712.94,100,712.5,506
2016-06-23 09:41:35,1,200,712.94,300,712.5,506
2016-06-23 09:41:35,1,100,712.93,100,712.5,506
2016-06-23 09:41:35,3,100,712.94,300,712.5,506
2016-06-23 09:41:38,1,100,712.94,300,712.51,100
2016-06-23 09:41:41,1,20,712.89,20,712.51,100
2016-06-23 09:41:41,1,100,712.88,100,712.51,100
2016-06-23 09:41:42,1,100,712.88,200,712.51,100
2016-06-23 09:41:43,5,14,712.88,200,712.51,100
2016-06-23 09:41:43,5,50,712.88,200,712.51,100
2016-06-23 09:41:43,5,36,712.88,200,712.51,100
2016-06-23 09:41:43,5,64,712.88,200,712.51,100
2016-06-23 09:41:43,5,36,712.88,200,712.51,100
2016-06-23 09:41:43,5,100,712.88,200,712.51,100
2016-06-23 09:41:43,4,34,712.88,166,712.51,100
2016-06-23 09:41:43,4,66,712.88,100,712.51,100
2016-06-23 09:41:43,4,100,712.89,20,712.51,100
2016-06-23 09:41:43,5,4,712.89,20,712.51,100
2016-06-23 09:41:43,5,11,712.89,20,712.51,100
2016-06-23 09:41:43,1,100,712.89,20,712.52,100
2016-06-23 09:41:43,4,20,713,100,712.52,100
2016-06-23 09:41:43,4,100,713.25,100,712.52,100
2016-06-23 09:41:43,3,100,713.38,100,712.52,100
2016-06-23 09:41:43,5,100,713.38,100,712.52,100
2016-06-23 09:41:43,1,100,713.24,100,712.52,100
2016-06-23 09:41:43,3,100,713.38,100,712.52,100
2016-06-23 09:41:43,1,100,713.37,100,712.52,100
2016-06-23 09:41:43,1,100,713.24,100,712.52,100
2016-06-23 09:41:43,3,100,713.37,100,712.52,100
2016-06-23 09:41:43,1,100,713.37,200,712.52,100
2016-06-23 09:41:43,3,100,713.37,100,712.52,100
2016-06-23 09:41:43,3,100,713.39,100,712.52,100
2016-06-23 09:41:43,1,100,713.39,200,712.52,100
2016-06-23 09:41:43,1,100,713.39,200,712.52,200
2016-06-23 09:41:43,5,79,713.39,200,712.52,200
2016-06-23 09:41:43,5,4,713.39,200,712.52,200
2016-06-23 09:41:43,5,1,713.39,200,712.52,200
2016-06-23 09:41:43,5,2,713.39,200,712.52,200
2016-06-23 09:41:43,3,100,713.39,100,712.52,200
2016-06-23 09:41:43,3,100,713.75,100,712.52,200
2016-06-23 09:41:43,1,100,713.74,100,712.52,200
2016-06-23 09:41:43,1,100,713.74,200,712.52,200
2016-06-23 09:41:47,3,100,713.74,200,712.52,100
2016-06-23 09:41:47,1,100,713.53,100,712.52,100
2016-06-23 09:41:47,1,100,713.52,100,712.52,100
2016-06-23 09:41:47,1,100,713.52,200,712.52,100
2016-06-23 09:41:48,1,100,713.52,200,712.68,100
2016-06-23 09:41:48,1,100,713.39,100,712.68,100
2016-06-23 09:41:48,1,100,713.38,100,712.68,100
2016-06-23 09:41:48,1,100,713.38,200,712.68,100
2016-06-23 09:41:49,3,100,713.38,100,712.68,100
2016-06-23 09:41:49,3,100,713.53,100,712.68,100
2016-06-23 09:41:49,1,100,713.52,100,712.68,100
2016-06-23 09:41:49,1,100,713.52,200,712.68,100
2016-06-23 09:41:51,1,4,713.52,200,713.2,4
2016-06-23 09:41:51,4,4,713.52,200,712.68,100
2016-06-23 09:41:52,1,100,713.52,200,712.75,100
2016-06-23 09:41:53,1,200,713.52,200,712.75,300
2016-06-23 09:41:53,1,100,713.38,100,712.75,300
2016-06-23 09:41:53,1,100,713.37,100,712.75,300
2016-06-23 09:41:53,1,100,713.37,200,712.75,300
2016-06-23 09:41:53,3,100,713.37,100,712.75,300
2016-06-23 09:41:54,3,200,713.37,100,712.75,100
2016-06-23 09:41:54,1,100,713.37,200,712.75,100
2016-06-23 09:41:54,1,100,713.37,300,712.75,100
2016-06-23 09:41:54,3,100,713.37,200,712.75,100
2016-06-23 09:41:55,1,100,713.36,100,712.75,100
2016-06-23 09:41:56,1,800,713.35,800,712.75,100
2016-06-23 09:41:56,1,100,713.34,100,712.75,100
2016-06-23 09:41:56,1,100,713.34,200,712.75,100
2016-06-23 09:41:58,1,100,713.34,300,712.75,100
2016-06-23 09:42:01,1,20,713.34,300,713.02,20
2016-06-23 09:42:01,4,20,713.34,300,712.75,100
2016-06-23 09:42:01,1,100,713.33,100,712.75,100
2016-06-23 09:42:01,1,100,713.32,100,712.75,100
2016-06-23 09:42:01,1,100,713.32,200,712.75,100
2016-06-23 09:42:02,1,800,713.31,800,712.75,100
2016-06-23 09:42:02,1,100,713.3,100,712.75,100
2016-06-23 09:42:02,1,100,713.3,200,712.75,100
2016-06-23 09:42:03,1,100,713.3,300,712.75,100
2016-06-23 09:42:05,3,100,713.3,200,712.75,100
2016-06-23 09:42:05,1,200,713.3,200,712.75,300
2016-06-23 09:42:06,1,10,713.3,200,712.99,10
2016-06-23 09:42:06,1,100,713.21,100,712.99,10
2016-06-23 09:42:06,1,100,713.2,100,712.99,10
2016-06-23 09:42:06,1,100,713.2,200,712.99,10
2016-06-23 09:42:06,5,50,713.2,200,712.99,10
2016-06-23 09:42:06,4,10,713.2,190,712.99,10
2016-06-23 09:42:06,4,90,713.2,100,712.99,10
2016-06-23 09:42:06,4,10,713.2,90,712.99,10
2016-06-23 09:42:06,4,90,713.21,100,712.99,10
2016-06-23 09:42:06,1,100,713.21,100,713,100
2016-06-23 09:42:06,4,100,713.31,800,713,100
2016-06-23 09:42:06,1,100,713.19,100,713,100
2016-06-23 09:42:06,1,100,713.19,200,713,100
2016-06-23 09:42:06,3,100,713.19,100,713,100
2016-06-23 09:42:06,3,100,713.31,800,713,100
2016-06-23 09:42:06,1,100,713.3,100,713,100
2016-06-23 09:42:06,1,100,713.3,200,713,100
2016-06-23 09:42:07,4,50,713.3,150,713,100
2016-06-23 09:42:08,4,2,713.3,148,713,100
2016-06-23 09:42:08,4,2,713.3,146,713,100
2016-06-23 09:42:10,3,46,713.3,100,713,100
2016-06-23 09:42:10,3,100,713.72,100,713,100
2016-06-23 09:42:10,1,100,713.71,100,713,100
2016-06-23 09:42:10,1,100,713.71,200,713,100
2016-06-23 09:42:11,1,2,713.71,200,713,102
2016-06-23 09:42:12,1,100,713.71,200,713.01,100
2016-06-23 09:42:13,1,100,713.71,200,713.02,100
2016-06-23 09:42:13,1,100,713.71,200,713.03,100
2016-06-23 09:42:13,3,100,713.71,100,713.03,100
2016-06-23 09:42:13,3,100,713.86,100,713.03,100
2016-06-23 09:42:13,1,100,713.85,100,713.03,100
2016-06-23 09:42:13,1,100,713.85,200,713.03,100
2016-06-23 09:42:13,1,100,713.7,100,713.03,100
2016-06-23 09:42:13,3,100,713.99,100,713.03,100
2016-06-23 09:42:13,1,100,713.84,100,713.03,100
2016-06-23 09:42:13,1,100,713.84,200,713.03,100
2016-06-23 09:42:13,3,100,713.84,100,713.03,100
2016-06-23 09:42:13,3,100,713.99,100,713.03,100
2016-06-23 09:42:13,1,100,713.99,200,713.03,100
2016-06-23 09:42:13,3,100,713.99,200,713.02,100
2016-06-23 09:42:14,1,100,713.99,300,713.02,100
2016-06-23 09:42:14,3,100,713.99,200,713.02,100
2016-06-23 09:42:16,1,1,713.99,200,713.38,1
2016-06-23 09:42:16,4,1,713.99,200,713.02,200
2016-06-23 09:42:16,1,100,713.98,100,713.02,200
2016-06-23 09:42:16,3,100,713.98,100,713.02,100
2016-06-23 09:42:16,1,100,713.97,100,713.02,100
2016-06-23 09:42:16,1,100,713.97,200,713.02,100
2016-06-23 09:42:18,5,1,713.97,200,713.02,100
2016-06-23 09:42:19,1,1,713.97,200,713.34,1
2016-06-23 09:42:22,5,99,713.97,200,713.34,1
2016-06-23 09:42:24,1,1500,713.91,1500,713.34,1
2016-06-23 09:42:24,1,100,713.9,100,713.34,1
2016-06-23 09:42:24,1,100,713.9,200,713.34,1
2016-06-23 09:42:29,1,100,713.9,200,713.35,100
2016-06-23 09:42:32,3,100,713.9,100,713.35,100
2016-06-23 09:42:33,3,100,713.9,100,713.34,1
2016-06-23 09:42:33,1,100,713.9,100,713.51,100
2016-06-23 09:42:33,1,100,713.9,100,713.51,200
2016-06-23 09:42:33,1,100,713.9,200,713.51,200
2016-06-23 09:42:33,3,100,713.9,100,713.51,200
2016-06-23 09:42:34,3,100,714,710,713.51,200
2016-06-23 09:42:34,1,100,713.99,100,713.51,200
2016-06-23 09:42:34,5,100,713.99,100,713.51,200
2016-06-23 09:42:34,5,100,713.99,100,713.51,200
2016-06-23 09:42:34,1,100,713.98,100,713.51,200
2016-06-23 09:42:34,1,100,713.97,100,713.51,200
2016-06-23 09:42:35,4,100,713.97,100,713.51,100
2016-06-23 09:42:35,4,5,713.97,100,713.51,95
2016-06-23 09:42:35,1,100,713.97,200,713.51,95
2016-06-23 09:42:35,3,100,713.97,100,713.51,95
2016-06-23 09:42:37,3,100,714,710,713.51,95
2016-06-23 09:42:37,1,100,713.99,100,713.51,95
2016-06-23 09:42:40,1,30,713.64,30,713.51,95
2016-06-23 09:42:41,1,15,713.64,30,713.52,15
2016-06-23 09:42:45,4,15,713.64,30,713.51,95
2016-06-23 09:42:45,4,36,713.64,30,713.51,59
2016-06-23 09:42:45,4,34,713.64,30,713.51,25
2016-06-23 09:42:45,4,25,713.64,30,713.4,200
2016-06-23 09:42:45,3,30,713.9,2500,713.4,200
2016-06-23 09:42:45,1,100,713.89,100,713.4,200
2016-06-23 09:42:45,1,100,713.89,200,713.4,200
2016-06-23 09:42:45,1,30,713.64,30,713.4,200
2016-06-23 09:42:48,4,37,713.64,30,713.4,163
2016-06-23 09:42:48,4,66,713.64,30,713.4,97
2016-06-23 09:42:48,4,97,713.64,30,713.34,1
2016-06-23 09:42:48,1,100,713.63,100,713.34,1
2016-06-23 09:42:48,1,100,713.63,200,713.34,1
2016-06-23 09:42:48,4,1,713.63,200,713.21,100
2016-06-23 09:42:48,3,100,713.63,200,713.17,1
2016-06-23 09:42:49,1,100,713.62,100,713.17,1
2016-06-23 09:42:51,4,1,713.62,100,713.1,100
2016-06-23 09:42:52,3,100,713.63,100,713.1,100
2016-06-23 09:42:54,3,100,713.89,100,713.1,100
2016-06-23 09:42:54,1,100,713.89,200,713.1,100
2016-06-23 09:42:54,1,100,713.89,300,713.1,100
2016-06-23 09:42:54,3,100,713.89,200,713.1,100
2016-06-23 09:42:54,1,100,713.89,300,713.1,100
2016-06-23 09:43:02,1,100,713.88,100,713.1,100
2016-06-23 09:43:02,3,100,713.89,100,713.1,100
2016-06-23 09:43:02,1,100,713.89,200,713.1,100
2016-06-23 09:43:02,1,100,713.89,200,713.21,100
2016-06-23 09:43:02,3,100,713.89,200,713.1,100
2016-06-23 09:43:02,1,100,713.89,200,713.22,100
2016-06-23 09:43:03,3,100,713.89,200,713.21,100
2016-06-23 09:43:05,1,100,713.89,300,713.21,100
2016-06-23 09:43:05,3,100,713.89,200,713.21,100
2016-06-23 09:43:05,1,100,713.88,100,713.21,100
2016-06-23 09:43:05,3,100,713.89,200,713.21,100
2016-06-23 09:43:05,1,100,713.89,300,713.21,100
2016-06-23 09:43:05,3,100,713.89,200,713.21,100
2016-06-23 09:43:05,1,100,713.88,100,713.21,100
2016-06-23 09:43:05,3,100,713.89,100,713.21,100
2016-06-23 09:43:05,1,100,713.89,200,713.21,100
2016-06-23 09:43:07,1,100,713.89,300,713.21,100
2016-06-23 09:43:13,3,100,713.89,200,713.21,100
2016-06-23 09:43:14,1,100,713.89,200,713.21,200
2016-06-23 09:43:15,4,100,713.89,200,713.21,100
2016-06-23 09:43:15,4,100,713.89,200,713.1,100
2016-06-23 09:43:15,1,100,713.89,300,713.1,100
2016-06-23 09:43:15,1,100,713.88,100,713.1,100
2016-06-23 09:43:15,3,100,713.89,200,713.1,100
2016-06-23 09:43:15,1,100,713.89,300,713.1,100
2016-06-23 09:43:16,1,100,713.88,100,713.1,100
2016-06-23 09:43:17,4,100,713.88,100,713.02,100
2016-06-23 09:43:18,1,39,713.88,100,713.02,139
2016-06-23 09:43:20,3,39,713.88,100,713.02,100
2016-06-23 09:43:20,1,39,713.88,100,713.04,39
2016-06-23 09:43:21,3,39,713.88,100,713.02,100
2016-06-23 09:43:22,3,100,713.89,100,713.02,100
2016-06-23 09:43:22,1,100,713.89,200,713.02,100
2016-06-23 09:43:22,1,39,713.89,200,713.02,139
2016-06-23 09:43:22,1,100,713.89,200,713.03,100
2016-06-23 09:43:24,5,100,713.89,200,713.03,100
2016-06-23 09:43:24,5,6,713.89,200,713.03,100
2016-06-23 09:43:27,1,200,713.89,200,713.11,200
2016-06-23 09:43:30,4,200,713.89,200,713.03,200
2016-06-23 09:43:30,1,39,713.89,200,713.03,239
2016-06-23 09:43:34,1,16,713.89,200,713.15,16
2016-06-23 09:43:36,1,1,713.89,200,713.18,1
2016-06-23 09:43:37,4,1,713.89,200,713.15,16
2016-06-23 09:43:37,4,16,713.89,200,713.03,239
2016-06-23 09:43:37,5,100,713.89,200,713.03,239
2016-06-23 09:43:37,4,83,713.89,200,713.03,156
2016-06-23 09:43:37,4,17,713.89,200,713.03,139
2016-06-23 09:43:37,4,100,713.89,200,713.03,39
2016-06-23 09:43:37,4,39,713.89,200,713.02,100
2016-06-23 09:43:37,5,33,713.89,200,713.02,100
2016-06-23 09:43:37,4,1,713.89,200,713.02,99
2016-06-23 09:43:38,5,20,713.89,200,713.02,99
2016-06-23 09:43:39,4,99,713.89,200,713,2
2016-06-23 09:43:39,4,2,713.89,200,712.99,600
2016-06-23 09:43:39,4,100,713.89,200,712.99,500
2016-06-23 09:43:41,1,100,713.78,100,712.99,500
2016-06-23 09:43:41,1,100,713.77,100,712.99,500
2016-06-23 09:43:41,1,100,713.77,200,712.99,500
2016-06-23 09:43:44,1,100,713.48,100,712.99,500
2016-06-23 09:43:44,1,100,713.47,100,712.99,500
2016-06-23 09:43:44,3,100,713.77,100,712.99,500
2016-06-23 09:43:44,1,100,713.77,200,712.99,500
2016-06-23 09:43:46,1,100,713.64,100,712.99,500
2016-06-23 09:43:46,1,100,713.63,100,712.99,500
2016-06-23 09:43:46,5,33,713.63,100,712.99,500
2016-06-23 09:43:47,1,1,713.63,100,713.06,1
2016-06-23 09:43:47,3,100,713.77,100,713.06,1
2016-06-23 09:43:47,1,100,713.77,200,713.06,1
2016-06-23 09:43:48,3,100,713.77,100,713.06,1
2016-06-23 09:43:48,3,100,713.9,2500,713.06,1
2016-06-23 09:43:48,1,100,713.89,100,713.06,1
2016-06-23 09:43:48,1,100,713.89,200,713.06,1
2016-06-23 09:43:54,1,1,713.89,200,713.21,1
2016-06-23 09:43:54,1,100,713.64,100,713.21,1
2016-06-23 09:43:54,1,100,713.63,100,713.21,1
2016-06-23 09:43:55,1,100,713.5,100,713.21,1
2016-06-23 09:43:55,1,100,713.49,100,713.21,1
2016-06-23 09:43:58,4,1,713.49,100,713.06,1
2016-06-23 09:43:58,1,100,713.48,100,713.06,1
2016-06-23 09:43:58,1,100,713.47,100,713.06,1
2016-06-23 09:44:01,1,50,713.47,100,713.2,50
2016-06-23 09:44:01,3,100,713.5,100,713.2,50
2016-06-23 09:44:01,1,100,713.49,100,713.2,50
2016-06-23 09:44:08,3,50,713.49,100,713.06,1
2016-06-23 09:44:15,1,1,713.49,100,713.2,1
2016-06-23 09:44:17,4,1,713.49,100,713.06,1
2016-06-23 09:44:17,5,100,713.49,100,713.06,1
2016-06-23 09:44:17,5,99,713.49,100,713.06,1
2016-06-23 09:44:17,5,20,713.49,100,713.06,1
2016-06-23 09:44:18,4,1,713.49,100,712.99,500
2016-06-23 09:44:18,1,100,713.34,100,712.99,500
2016-06-23 09:44:18,1,100,713.33,100,712.99,500
2016-06-23 09:44:23,1,4,713.33,100,713,4
2016-06-23 09:44:31,5,4,713.33,100,713,4
2016-06-23 09:44:31,5,96,713.33,100,713,4
2016-06-23 09:44:31,4,4,713.33,100,712.99,600
2016-06-23 09:44:31,1,100,713.32,100,712.99,600
2016-06-23 09:44:31,1,100,713.31,100,712.99,600
2016-06-23 09:44:31,3,500,713.31,100,712.99,100
2016-06-23 09:44:31,4,100,713.31,100,712.89,6
2016-06-23 09:44:31,1,302,713.31,100,712.99,302
2016-06-23 09:44:31,4,100,713.31,100,712.99,202
2016-06-23 09:44:31,5,100,713.31,100,712.99,202
2016-06-23 09:44:31,3,202,713.31,100,712.89,6
2016-06-23 09:44:31,1,100,713.31,200,712.89,6
2016-06-23 09:44:31,3,100,713.31,100,712.89,6
2016-06-23 09:44:31,3,100,713.32,100,712.89,6
2016-06-23 09:44:31,1,100,713.31,100,712.89,6
2016-06-23 09:44:31,1,100,713.31,200,712.89,6
2016-06-23 09:44:31,1,202,713.31,200,712.99,202
2016-06-23 09:44:31,3,100,713.31,100,712.99,202
2016-06-23 09:44:31,3,202,713.31,100,712.89,6
2016-06-23 09:44:31,1,100,713.3,100,712.89,6
2016-06-23 09:44:31,1,100,712.99,100,712.89,6
2016-06-23 09:44:31,4,50,712.99,50,712.89,6
2016-06-23 09:44:31,4,50,713.3,100,712.89,6
2016-06-23 09:44:31,3,100,713.31,100,712.89,6
2016-06-23 09:44:31,1,100,712.98,100,712.89,6
2016-06-23 09:44:31,4,100,713.31,100,712.89,6
2016-06-23 09:44:31,3,100,713.34,100,712.89,6
2016-06-23 09:44:31,1,100,712.99,100,712.89,6
2016-06-23 09:44:31,4,100,713.34,100,712.89,6
2016-06-23 09:44:31,1,100,713.3,100,712.89,6
2016-06-23 09:44:31,1,100,712.99,100,712.89,6
2016-06-23 09:44:31,4,50,712.99,50,712.89,6
2016-06-23 09:44:31,4,50,713.3,100,712.89,6
2016-06-23 09:44:31,1,100,713.3,100,712.99,100
2016-06-23 09:44:31,3,100,713.31,100,712.99,100
2016-06-23 09:44:31,3,100,713.33,100,712.99,100
2016-06-23 09:44:31,1,100,713.33,200,712.99,100
2016-06-23 09:44:31,1,100,713.29,100,712.99,100
2016-06-23 09:44:31,3,100,713.33,100,712.99,100
2016-06-23 09:44:31,1,100,713.3,100,712.99,100
2016-06-23 09:44:31,3,100,713.34,100,712.99,100
2016-06-23 09:44:31,1,100,713.33,100,712.99,100
2016-06-23 09:44:31,3,100,713.33,100,712.89,6
2016-06-23 09:44:31,1,300,713.33,100,712.99,300
2016-06-23 09:44:31,1,100,713.33,200,712.99,300
2016-06-23 09:44:31,3,100,713.33,100,712.99,300
2016-06-23 09:44:34,4,300,713.33,100,712.89,6
2016-06-23 09:44:34,1,100,713.32,100,712.89,6
2016-06-23 09:44:34,1,100,713.31,100,712.89,6
2016-06-23 09:44:34,1,100,713.31,200,712.89,6
2016-06-23 09:44:35,3,100,713.31,100,712.89,6
2016-06-23 09:44:36,1,100,713.31,200,712.89,6
2016-06-23 09:44:37,5,13,713.31,200,712.89,6
2016-06-23 09:44:38,4,6,713.31,200,712.88,4
2016-06-23 09:44:38,4,4,713.31,200,712.87,100
2016-06-23 09:44:38,4,100,713.31,200,712.53,21
2016-06-23 09:44:38,1,90,712.82,90,712.53,21
2016-06-23 09:44:38,4,20,712.82,70,712.53,21
2016-06-23 09:44:38,4,70,713.25,100,712.53,21
2016-06-23 09:44:38,1,100,713.24,100,712.53,21
2016-06-23 09:44:38,1,100,713.24,200,712.53,21
2016-06-23 09:44:40,3,100,713.24,100,712.53,21
2016-06-23 09:44:40,3,100,713.32,100,712.53,21
2016-06-23 09:44:40,1,100,713.31,100,712.53,21
2016-06-23 09:44:40,1,100,713.31,200,712.53,21
2016-06-23 09:44:47,1,10,713,10,712.53,21
2016-06-23 09:44:48,4,10,713.31,200,712.53,21
2016-06-23 09:44:51,1,100,713.14,100,712.53,21
2016-06-23 09:44:51,1,100,713.13,100,712.53,21
2016-06-23 09:44:53,1,100,713.13,100,712.54,100
2016-06-23 09:44:55,1,100,713.13,200,712.54,100
2016-06-23 09:44:55,1,100,713.13,200,712.59,100
2016-06-23 09:44:55,3,100,713.13,100,712.59,100
2016-06-23 09:45:00,4,100,713.14,100,712.59,100
2016-06-23 09:45:00,5,17,713.14,100,712.59,100
2016-06-23 09:45:00,5,8,713.14,100,712.59,100
2016-06-23 09:45:00,5,75,713.14,100,712.59,100
2016-06-23 09:45:00,4,100,713.26,600,712.59,100
2016-06-23 09:45:00,4,200,713.26,400,712.59,100
2016-06-23 09:45:00,5,100,713.26,400,712.59,100
2016-06-23 09:45:00,4,1,713.26,399,712.59,100
2016-06-23 09:45:00,4,5,713.26,394,712.59,100
2016-06-23 09:45:00,4,4,713.26,390,712.59,100
2016-06-23 09:45:00,4,5,713.26,385,712.59,100
2016-06-23 09:45:00,4,5,713.26,380,712.59,100
2016-06-23 09:45:00,4,5,713.26,375,712.59,100
2016-06-23 09:45:00,1,100,713.25,100,712.59,100
2016-06-23 09:45:00,1,100,713.25,200,712.59,100
2016-06-23 09:45:00,1,10,713.25,200,712.59,110
2016-06-23 09:45:00,4,9,713.25,191,712.59,110
2016-06-23 09:45:00,1,100,713.25,191,712.72,100
2016-06-23 09:45:03,5,100,713.25,191,712.72,100
2016-06-23 09:45:05,4,1,713.25,190,712.72,100
2016-06-23 09:45:07,1,100,713.24,100,712.72,100
2016-06-23 09:45:07,1,100,713.23,100,712.72,100
2016-06-23 09:45:08,4,3,713.23,97,712.72,100
2016-06-23 09:45:08,4,97,713.24,113,712.72,100
2016-06-23 09:45:08,4,16,713.24,97,712.72,100
2016-06-23 09:45:08,4,84,713.24,13,712.72,100
2016-06-23 09:45:08,4,13,713.26,375,712.72,100
2016-06-23 09:45:08,4,1,713.26,374,712.72,100
2016-06-23 09:45:08,1,100,713.23,100,712.72,100
2016-06-23 09:45:08,1,100,713.23,100,712.84,100
2016-06-23 09:45:08,3,100,713.26,374,712.84,100
2016-06-23 09:45:08,1,100,713.25,100,712.84,100
2016-06-23 09:45:09,1,100,713.25,100,712.85,100
2016-06-23 09:45:10,1,100,713.24,100,712.85,100
2016-06-23 09:45:10,1,100,713.23,100,712.85,100
2016-06-23 09:45:13,1,100,713.23,200,712.85,100
2016-06-23 09:45:13,4,100,713.23,100,712.85,100
2016-06-23 09:45:13,4,100,713.24,100,712.85,100
2016-06-23 09:45:13,4,100,713.26,374,712.85,100
2016-06-23 09:45:13,1,100,713.26,374,712.86,100
2016-06-23 09:45:13,4,20,713.26,354,712.86,100
2016-06-23 09:45:13,4,6,713.26,348,712.86,100
2016-06-23 09:45:13,4,100,713.26,248,712.86,100
2016-06-23 09:45:13,1,100,713.23,100,712.86,100
2016-06-23 09:45:13,4,100,713.26,248,712.86,100
2016-06-23 09:45:13,1,100,713.26,248,712.94,100
2016-06-23 09:45:13,1,100,713.25,100,712.94,100
2016-06-23 09:45:13,4,6,713.25,94,712.94,100
2016-06-23 09:45:13,3,94,713.26,248,712.94,100
2016-06-23 09:45:13,4,1,713.26,247,712.94,100
2016-06-23 09:45:14,4,101,713.26,146,712.94,100
2016-06-23 09:45:14,4,146,713.5,325,712.94,100
2016-06-23 09:45:14,1,100,713.49,100,712.94,100
2016-06-23 09:45:15,1,100,713.49,100,712.94,200
2016-06-23 09:45:19,3,100,713.49,100,712.94,100
2016-06-23 09:45:19,1,100,713.49,100,713.11,100
2016-06-23 09:45:19,1,100,713.49,200,713.11,100
2016-06-23 09:45:19,3,100,713.49,100,713.11,100
2016-06-23 09:45:19,5,100,713.49,100,713.11,100
2016-06-23 09:45:19,1,100,713.49,100,713.12,100
2016-06-23 09:45:19,3,100,713.5,325,713.12,100
2016-06-23 09:45:19,1,100,713.49,100,713.12,100
2016-06-23 09:45:20,1,100,713.49,100,713.13,100
2016-06-23 09:45:20,3,100,713.5,325,713.13,100
2016-06-23 09:45:20,1,100,713.5,325,713.14,100
2016-06-23 09:45:20,3,100,713.5,325,713.13,100
2016-06-23 09:45:21,5,100,713.5,325,713.13,100
2016-06-23 09:45:22,1,100,713.5,325,713.14,100
2016-06-23 09:45:22,5,100,713.5,325,713.14,100
2016-06-23 09:45:22,4,100,713.5,225,713.14,100
2016-06-23 09:45:22,3,25,713.5,200,713.14,100
2016-06-23 09:45:22,4,142,713.5,58,713.14,100
2016-06-23 09:45:22,4,58,713.9,2500,713.14,100
2016-06-23 09:45:22,1,100,713.9,2500,713.15,100
2016-06-23 09:45:22,1,100,713.89,100,713.15,100
2016-06-23 09:45:22,1,100,713.89,100,713.15,200
2016-06-23 09:45:22,1,100,713.89,200,713.15,200
2016-06-23 09:45:22,3,100,713.89,200,713.15,100
2016-06-23 09:45:23,1,39,713.89,200,713.15,139
2016-06-23 09:45:23,1,100,713.89,200,713.16,100
2016-06-23 09:45:23,1,10,713.89,200,713.16,110
2016-06-23 09:45:23,1,10,713.89,210,713.16,110
2016-06-23 09:45:23,3,100,713.89,110,713.16,110
2016-06-23 09:45:23,1,39,713.89,110,713.16,149
2016-06-23 09:45:24,3,100,713.89,110,713.16,49
2016-06-23 09:45:24,1,100,713.89,210,713.16,49
2016-06-23 09:45:24,3,39,713.89,210,713.16,10
2016-06-23 09:45:24,3,100,713.89,110,713.16,10
2016-06-23 09:45:24,1,100,713.89,110,713.17,100
2016-06-23 09:45:24,1,39,713.89,110,713.17,139
2016-06-23 09:45:25,1,1,713.89,110,713.5,1
2016-06-23 09:45:27,1,39,713.89,110,713.51,39
2016-06-23 09:45:27,3,10,713.89,100,713.51,39
2016-06-23 09:45:27,1,100,713.89,100,713.51,139
2016-06-23 09:45:28,3,100,713.9,2500,713.51,139
2016-06-23 09:45:29,4,39,713.9,2500,713.51,100
2016-06-23 09:45:29,4,61,713.9,2500,713.51,39
2016-06-23 09:45:29,4,39,713.9,2500,713.5,1
2016-06-23 09:45:29,5,100,713.9,2500,713.5,1
2016-06-23 09:45:29,5,2,713.9,2500,713.5,1
2016-06-23 09:45:29,5,2,713.9,2500,713.5,1
2016-06-23 09:45:29,5,2,713.9,2500,713.5,1
2016-06-23 09:45:29,5,2,713.9,2500,713.5,1
2016-06-23 09:45:29,5,2,713.9,2500,713.5,1
2016-06-23 09:45:29,5,2,713.9,2500,713.5,1
2016-06-23 09:45:29,5,2,713.9,2500,713.5,1
2016-06-23 09:45:29,5,2,713.9,2500,713.5,1
2016-06-23 09:45:29,5,2,713.9,2500,713.5,1
2016-06-23 09:45:29,5,2,713.9,2500,713.5,1
2016-06-23 09:45:29,5,2,713.9,2500,713.5,1
2016-06-23 09:45:29,5,2,713.9,2500,713.5,1
2016-06-23 09:45:29,5,2,713.9,2500,713.5,1
2016-06-23 09:45:29,5,2,713.9,2500,713.5,1
2016-06-23 09:45:29,5,2,713.9,2500,713.5,1
2016-06-23 09:45:29,5,2,713.9,2500,713.5,1
2016-06-23 09:45:29,5,2,713.9,2500,713.5,1
2016-06-23 09:45:29,5,100,713.9,2500,713.5,1
2016-06-23 09:45:29,5,2,713.9,2500,713.5,1
2016-06-23 09:45:29,5,2,713.9,2500,713.5,1
2016-06-23 09:45:29,5,2,713.9,2500,713.5,1
2016-06-23 09:45:29,5,2,713.9,2500,713.5,1
2016-06-23 09:45:29,5,2,713.9,2500,713.5,1
2016-06-23 09:45:29,5,2,713.9,2500,713.5,1
2016-06-23 09:45:29,5,2,713.9,2500,713.5,1
2016-06-23 09:45:29,5,2,713.9,2500,713.5,1
2016-06-23 09:45:29,5,2,713.9,2500,713.5,1
2016-06-23 09:45:29,5,2,713.9,2500,713.5,1
2016-06-23 09:45:29,5,2,713.9,2500,713.5,1
2016-06-23 09:45:29,5,2,713.9,2500,713.5,1
2016-06-23 09:45:29,5,1,713.9,2500,713.5,1
2016-06-23 09:45:29,5,2,713.9,2500,713.5,1
2016-06-23 09:45:29,5,5,713.9,2500,713.5,1
2016-06-23 09:45:29,5,2,713.9,2500,713.5,1
2016-06-23 09:45:29,4,1,713.9,2500,713.15,100
2016-06-23 09:45:29,1,10,713.9,2500,713.15,110
2016-06-23 09:45:29,1,10,713.9,2510,713.15,110
2016-06-23 09:45:29,1,100,713.89,100,713.15,110
2016-06-23 09:45:29,1,100,713.89,200,713.15,110
2016-06-23 09:45:32,1,100,713.86,100,713.15,110
2016-06-23 09:45:32,1,100,713.85,100,713.15,110
2016-06-23 09:45:32,1,100,713.85,200,713.15,110
2016-06-23 09:45:32,1,36,713.85,236,713.15,110
2016-06-23 09:45:32,3,36,713.85,200,713.15,110
2016-06-23 09:45:32,1,36,713.85,236,713.15,110
2016-06-23 09:45:32,3,36,713.85,200,713.15,110
2016-06-23 09:45:33,1,100,713.85,200,713.2,100
2016-06-23 09:45:33,1,10,713.85,200,713.2,110
2016-06-23 09:45:33,1,10,713.85,210,713.2,110
2016-06-23 09:45:34,3,10,713.85,210,713.2,100
2016-06-23 09:45:34,3,10,713.85,200,713.2,100
2016-06-23 09:45:34,1,100,713.85,200,713.52,100
2016-06-23 09:45:34,3,100,713.85,100,713.52,100
2016-06-23 09:45:35,1,100,713.85,100,713.54,100
2016-06-23 09:45:35,3,100,713.86,100,713.54,100
2016-06-23 09:45:35,1,100,713.86,100,713.55,100
2016-06-23 09:45:35,5,100,713.86,100,713.55,100
2016-06-23 09:45:35,1,100,713.86,100,713.56,100
2016-06-23 09:45:35,4,37,713.86,63,713.56,100
2016-06-23 09:45:35,3,100,713.86,63,713.55,100
2016-06-23 09:45:35,1,100,713.86,63,713.57,100
2016-06-23 09:45:35,3,100,713.86,63,713.55,100
2016-06-23 09:45:35,1,100,713.86,63,713.58,100
2016-06-23 09:45:35,3,100,713.86,63,713.55,100
2016-06-23 09:45:35,1,100,713.86,63,713.59,100
2016-06-23 09:45:35,3,100,713.86,63,713.55,100
2016-06-23 09:45:35,1,100,713.86,63,713.6,100
2016-06-23 09:45:35,5,100,713.86,63,713.6,100
2016-06-23 09:45:35,3,100,713.86,63,713.55,100
2016-06-23 09:45:35,1,100,713.86,63,713.61,100
2016-06-23 09:45:35,4,21,713.86,42,713.61,100
2016-06-23 09:45:35,4,42,713.9,2500,713.61,100
2016-06-23 09:45:36,3,100,713.9,2500,713.55,100
2016-06-23 09:45:37,5,29,713.9,2500,713.55,100
2016-06-23 09:45:37,5,34,713.9,2500,713.55,100
2016-06-23 09:45:37,4,1444,713.9,1056,713.55,100
2016-06-23 09:45:37,4,140,713.9,916,713.55,100
2016-06-23 09:45:37,4,916,713.99,100,713.55,100
2016-06-23 09:45:37,4,100,714,620,713.55,100
2016-06-23 09:45:37,1,100,714,620,713.56,100
2016-06-23 09:45:37,1,100,713.98,100,713.56,100
2016-06-23 09:45:37,4,100,714,620,713.56,100
2016-06-23 09:45:37,1,100,713.99,100,713.56,100
2016-06-23 09:45:37,3,100,714,620,713.56,100
2016-06-23 09:45:38,4,30,714,590,713.56,100
2016-06-23 09:45:38,4,270,714,320,713.56,100
2016-06-23 09:45:38,4,47,714,273,713.56,100
2016-06-23 09:45:38,4,153,714,120,713.56,100
2016-06-23 09:45:38,4,20,714,100,713.56,100
2016-06-23 09:45:38,4,27,714,73,713.56,100
2016-06-23 09:45:38,4,73,714.14,100,713.56,100
2016-06-23 09:45:38,1,500,714,500,713.56,100
2016-06-23 09:45:38,4,100,714,400,713.56,100
2016-06-23 09:45:38,1,100,713.99,100,713.56,100
2016-06-23 09:45:38,1,100,713.99,200,713.56,100
2016-06-23 09:45:38,4,100,713.99,100,713.56,100
2016-06-23 09:45:38,4,100,714,400,713.56,100
2016-06-23 09:45:38,4,200,714,200,713.56,100
2016-06-23 09:45:38,1,100,713.99,100,713.56,100
2016-06-23 09:45:38,4,100,714,200,713.56,100
2016-06-23 09:45:38,1,100,713.99,100,713.56,100
2016-06-23 09:45:38,1,100,713.99,200,713.56,100
2016-06-23 09:45:38,1,100,713.99,200,713.87,100
2016-06-23 09:45:38,3,100,713.99,100,713.87,100
2016-06-23 09:45:38,4,30,713.99,70,713.87,100
2016-06-23 09:45:38,4,70,714,200,713.87,100
2016-06-23 09:45:38,4,130,714,70,713.87,100
2016-06-23 09:45:38,1,500,714,570,713.87,100
2016-06-23 09:45:38,1,100,714,570,713.87,200
2016-06-23 09:45:38,1,100,713.99,100,713.87,200
2016-06-23 09:45:38,3,100,713.99,100,713.87,100
2016-06-23 09:45:38,1,100,713.99,100,713.88,100
2016-06-23 09:45:39,5,100,713.99,100,713.88,100
2016-06-23 09:45:39,4,100,713.99,100,713.87,100
2016-06-23 09:45:39,4,100,713.99,100,713.56,100
2016-06-23 09:45:39,3,100,714,570,713.56,100
2016-06-23 09:45:39,1,100,713.99,100,713.56,100
2016-06-23 09:45:39,1,100,713.99,200,713.56,100
2016-06-23 09:45:39,1,100,713.98,100,713.56,100
2016-06-23 09:45:39,1,100,713.97,100,713.56,100
2016-06-23 09:45:39,1,100,713.97,200,713.56,100
2016-06-23 09:45:39,3,100,713.97,200,713.52,100
2016-06-23 09:45:43,1,100,713.96,100,713.52,100
2016-06-23 09:45:43,1,100,713.95,100,713.52,100
2016-06-23 09:45:43,1,100,713.95,200,713.52,100
2016-06-23 09:45:45,1,36,713.95,236,713.52,100
2016-06-23 09:45:45,3,36,713.95,200,713.52,100
2016-06-23 09:45:47,5,100,713.95,200,713.52,100
2016-06-23 09:45:47,1,100,713.94,100,713.52,100
2016-06-23 09:45:47,1,100,713.93,100,713.52,100
2016-06-23 09:45:47,1,100,713.93,200,713.52,100
2016-06-23 09:45:54,1,36,713.93,236,713.52,100
2016-06-23 09:45:54,3,36,713.93,200,713.52,100
2016-06-23 09:45:54,1,36,713.93,236,713.52,100
2016-06-23 09:45:55,4,84,713.93,236,713.52,16
2016-06-23 09:45:55,4,16,713.93,236,713.2,10
2016-06-23 09:45:55,1,100,713.92,100,713.2,10
2016-06-23 09:45:55,1,36,713.92,136,713.2,10
2016-06-23 09:45:55,1,100,713.91,100,713.2,10
2016-06-23 09:45:55,1,36,713.91,136,713.2,10
2016-06-23 09:45:55,1,100,713.91,236,713.2,10
2016-06-23 09:45:56,3,36,713.91,200,713.2,10
2016-06-23 09:45:56,1,36,713.91,236,713.2,10
2016-06-23 09:45:57,3,36,713.91,200,713.2,10
2016-06-23 09:45:58,1,1,713.91,200,713.48,1
2016-06-23 09:45:58,4,1,713.91,200,713.2,10
2016-06-23 09:45:58,1,10,713.91,210,713.2,10
2016-06-23 09:45:59,3,10,713.91,200,713.2,10
2016-06-23 09:45:59,1,200,713.91,200,713.33,200
2016-06-23 09:46:04,1,30,713.91,200,713.4,30
2016-06-23 09:46:05,1,200,713.91,200,713.53,200
2016-06-23 09:46:06,4,135,713.91,200,713.53,65
2016-06-23 09:46:06,1,100,713.9,100,713.53,65
2016-06-23 09:46:06,1,100,713.89,100,713.53,65
2016-06-23 09:46:06,1,100,713.89,200,713.53,65
2016-06-23 09:46:06,3,65,713.89,200,713.4,30
2016-06-23 09:46:08,1,100,713.89,200,713.53,100
2016-06-23 09:46:10,1,150,713.61,150,713.53,100
2016-06-23 09:46:10,5,100,713.61,150,713.53,100
2016-06-23 09:46:10,4,100,713.61,150,713.4,30
2016-06-23 09:46:10,5,100,713.61,150,713.4,30
2016-06-23 09:46:10,5,39,713.61,150,713.4,30
2016-06-23 09:46:10,4,30,713.61,150,713.25,100
2016-06-23 09:46:10,1,100,713.6,100,713.25,100
2016-06-23 09:46:10,1,100,713.6,200,713.25,100
2016-06-23 09:46:10,1,100,713.6,300,713.25,100
2016-06-23 09:46:11,3,100,713.6,300,713.2,10
2016-06-23 09:46:11,1,10,713.6,310,713.2,10
2016-06-23 09:46:11,1,100,713.6,410,713.2,10
2016-06-23 09:46:11,1,36,713.6,446,713.2,10
2016-06-23 09:46:13,5,18,713.6,446,713.2,10
2016-06-23 09:46:13,3,36,713.6,410,713.2,10
2016-06-23 09:46:13,1,36,713.6,446,713.2,10
2016-06-23 09:46:13,3,36,713.6,410,713.2,10
2016-06-23 09:46:13,3,100,713.6,310,713.2,10
2016-06-23 09:46:15,1,36,713.6,346,713.2,10
2016-06-23 09:46:19,3,10,713.6,336,713.2,10
2016-06-23 09:46:23,1,100,713.59,100,713.2,10
2016-06-23 09:46:23,1,36,713.59,136,713.2,10
2016-06-23 09:46:23,1,100,713.58,100,713.2,10
2016-06-23 09:46:23,1,36,713.58,136,713.2,10
2016-06-23 09:46:23,3,100,713.58,36,713.2,10
2016-06-23 09:46:23,1,100,713.57,100,713.2,10
2016-06-23 09:46:23,1,36,713.57,136,713.2,10
2016-06-23 09:46:23,3,100,713.57,36,713.2,10
2016-06-23 09:46:23,1,100,713.56,100,713.2,10
2016-06-23 09:46:23,1,36,713.56,136,713.2,10
2016-06-23 09:46:23,3,100,713.56,36,713.2,10
2016-06-23 09:46:23,1,100,713.56,136,713.2,10
2016-06-23 09:46:23,1,100,713.55,100,713.2,10
2016-06-23 09:46:23,1,36,713.55,136,713.2,10
2016-06-23 09:46:23,3,100,713.55,36,713.2,10
2016-06-23 09:46:23,1,100,713.55,136,713.2,10
2016-06-23 09:46:23,1,100,713.55,236,713.2,10
2016-06-23 09:46:23,1,100,713.54,100,713.2,10
2016-06-23 09:46:23,1,36,713.54,136,713.2,10
2016-06-23 09:46:23,3,100,713.54,36,713.2,10
2016-06-23 09:46:23,1,100,713.54,136,713.2,10
2016-06-23 09:46:23,1,100,713.53,100,713.2,10
2016-06-23 09:46:23,1,36,713.53,136,713.2,10
2016-06-23 09:46:23,3,100,713.53,36,713.2,10
2016-06-23 09:46:23,1,100,713.53,136,713.2,10
2016-06-23 09:46:23,1,100,713.52,100,713.2,10
2016-06-23 09:46:23,1,36,713.52,136,713.2,10
2016-06-23 09:46:23,3,100,713.52,36,713.2,10
2016-06-23 09:46:23,1,100,713.52,136,713.2,10
2016-06-23 09:46:23,1,100,713.51,100,713.2,10
2016-06-23 09:46:23,1,36,713.51,136,713.2,10
2016-06-23 09:46:23,3,100,713.51,36,713.2,10
2016-06-23 09:46:23,1,100,713.51,136,713.2,10
2016-06-23 09:46:23,1,100,713.5,100,713.2,10
2016-06-23 09:46:23,1,36,713.5,136,713.2,10
2016-06-23 09:46:23,3,100,713.5,36,713.2,10
2016-06-23 09:46:23,1,100,713.49,100,713.2,10
2016-06-23 09:46:23,1,36,713.49,136,713.2,10
2016-06-23 09:46:23,3,100,713.49,36,713.2,10
2016-06-23 09:46:23,1,100,713.48,100,713.2,10
2016-06-23 09:46:23,1,36,713.48,136,713.2,10
2016-06-23 09:46:23,3,100,713.48,36,713.2,10
2016-06-23 09:46:23,1,100,713.47,100,713.2,10
2016-06-23 09:46:23,1,36,713.47,136,713.2,10
2016-06-23 09:46:23,1,100,713.47,236,713.2,10
2016-06-23 09:46:23,3,100,713.47,136,713.2,10
2016-06-23 09:46:25,1,100,713.46,100,713.2,10
2016-06-23 09:46:25,1,36,713.46,136,713.2,10
2016-06-23 09:46:25,1,100,713.45,100,713.2,10
2016-06-23 09:46:25,1,36,713.45,136,713.2,10
2016-06-23 09:46:25,3,100,713.45,36,713.2,10
2016-06-23 09:46:25,1,100,713.45,136,713.2,10
2016-06-23 09:46:25,1,100,713.44,100,713.2,10
2016-06-23 09:46:25,1,36,713.44,136,713.2,10
2016-06-23 09:46:25,1,100,713.44,236,713.2,10
2016-06-23 09:46:25,3,100,713.44,136,713.2,10
2016-06-23 09:46:25,1,100,713.44,236,713.2,10
2016-06-23 09:46:25,3,100,713.44,136,713.2,10
2016-06-23 09:46:25,1,100,713.39,100,713.2,10
2016-06-23 09:46:25,1,36,713.39,136,713.2,10
2016-06-23 09:46:25,1,100,713.38,100,713.2,10
2016-06-23 09:46:25,1,36,713.38,136,713.2,10
2016-06-23 09:46:25,1,100,713.38,236,713.2,10
2016-06-23 09:46:25,3,100,713.38,136,713.2,10
2016-06-23 09:46:25,1,100,713.37,100,713.2,10
2016-06-23 09:46:25,1,36,713.37,136,713.2,10
2016-06-23 09:46:25,1,100,713.36,100,713.2,10
2016-06-23 09:46:25,1,36,713.36,136,713.2,10
2016-06-23 09:46:25,1,100,713.35,100,713.2,10
2016-06-23 09:46:25,1,36,713.35,136,713.2,10
2016-06-23 09:46:25,3,100,713.35,36,713.2,10
2016-06-23 09:46:25,1,100,713.34,100,713.2,10
2016-06-23 09:46:25,1,36,713.34,136,713.2,10
2016-06-23 09:46:26,5,10,713.34,136,713.2,10
2016-06-23 09:46:26,4,10,713.34,136,713.13,3
2016-06-23 09:46:26,5,100,713.34,136,713.13,3
2016-06-23 09:46:26,4,3,713.34,136,713.09,100
2016-06-23 09:46:26,4,77,713.34,136,713.09,23
2016-06-23 09:46:26,1,100,713.33,100,713.09,23
2016-06-23 09:46:26,1,36,713.33,136,713.09,23
2016-06-23 09:46:26,1,100,713.32,100,713.09,23
2016-06-23 09:46:26,1,36,713.32,136,713.09,23
2016-06-23 09:46:26,3,100,713.32,36,713.09,23
2016-06-23 09:46:26,1,100,713.32,136,713.09,23
2016-06-23 09:46:26,1,100,713.31,100,713.09,23
2016-06-23 09:46:26,1,36,713.31,136,713.09,23
2016-06-23 09:46:26,1,100,713.31,236,713.09,23
2016-06-23 09:46:26,3,23,713.31,236,713,100
2016-06-23 09:46:26,5,20,713.31,236,713,100
2016-06-23 09:46:26,3,100,713.31,136,713,100
2016-06-23 09:46:26,1,100,713.3,100,713,100
2016-06-23 09:46:26,1,36,713.3,136,713,100
2016-06-23 09:46:26,1,100,713.29,100,713,100
2016-06-23 09:46:26,1,36,713.29,136,713,100
2016-06-23 09:46:26,3,100,713.29,36,713,100
2016-06-23 09:46:26,1,100,713.28,100,713,100
2016-06-23 09:46:26,1,36,713.28,136,713,100
2016-06-23 09:46:26,1,100,713.28,236,713,100
2016-06-23 09:46:26,3,100,713.28,136,713,100
2016-06-23 09:46:26,3,100,713.28,36,713,100
2016-06-23 09:46:26,1,100,713.28,136,713,100
2016-06-23 09:46:26,1,100,713.27,100,713,100
2016-06-23 09:46:26,1,36,713.27,136,713,100
2016-06-23 09:46:26,1,100,713.27,236,713,100
2016-06-23 09:46:26,1,100,713.27,336,713,100
2016-06-23 09:46:26,3,100,713.27,236,713,100
2016-06-23 09:46:26,3,100,713.27,136,713,100
2016-06-23 09:46:26,1,100,713.27,236,713,100
2016-06-23 09:46:26,1,100,713.26,100,713,100
2016-06-23 09:46:26,1,36,713.26,136,713,100
2016-06-23 09:46:26,4,100,713.26,136,712.9,1
